2183 3077
148 459 163 478 ὖ.
174 460 199 480 29

171 708 195 728 10

880 148 926 175 DE
946 148 1197 175 VIRGlNlTA'l'l-I.
1802 155 1862 183 250

216 233 380 275 regalibus
411 234 583 275 placuisset
613 234 788 271 obtutibus,
824 235 926 266 induit
956 246 1027 266 cam
1057 234 1227 266 clamidem
1259 239 1370 265 suama
1403 239 1435 266 ct
1467 235 1614 267 diadema
1648 248 1725 268 auro
1756 238 1862 269 obrizo

216 286 417 326 gemmisque
447 287 614 326 purpureis
642 290 787 318 ornatum
820 287 927 328 posuit
958 297 1054 327 super
1086 290 1182 327 caput
1209 287 1286 317 eius.
1339 286 1486 318 Helenab
1516 293 1623 318 autem
1659 294 1762 320 mater
1796 291 1864 321 cius

218 336 347 368 dicebat
379 337 422 368 ei:
458 336 560 368 'Ilaec
589 341 644 368 tua
668 339 728 369 erit
752 342 784 369 et
808 349 869 369 non
893 339 1046 369 morietur
1069 338 1127 368 nisi
1151 338 1183 368 in
1207 338 1269 368 fine
1303 338 1434 369 mundi.³
1484 339 1586 379 Igitur
1616 342 1864 381 expergefactus

216 389 394 429 imperator
422 388 598 420 futurarum
629 389 809 429 ignorantia
838 399 942 420 rerum
971 390 1088 420 aeriter
1110 393 1246 428 artatur,
1278 389 1378 420 donec
1403 400 1461 430 per
1484 390 1630 432 simplam
1657 391 1864 424 ebdomadisc

214 440 502 480 i11te1·capidinem‘¹
526 450 659 481 corpore
685 440 878 482 frugalitatis
901 441 1096 482 parsimonia
1120 441 1290 471 macilento
1316 446 1441 472 rursus⁰
1464 442 1495 472 in
1512 441 1518 483 Ι
1535 453 1683 483 soporem
1701 444 1833 475 solvitur
1844 447 1863 476 ¹.

216 490 274 522 Cui
298 492 346 522 vir
368 491 471 522 vitaef
493 492 686 523 venerabilis
710 492 884 523 Silvestcrss
907 492 1045 532 septima
1069 491 1120 523 die
1145 492 1253 522 ieiunii
1278 491 1348 522 sui¹¹
1373 492 1465 523 adest
1489 493 1604 523 iterum
1629 494 1670 525 eii
1696 495 1725 525 in
1743 495 1864 527 visione

214 542 337 573 dicens:
372 542 474 574 ‘Anus
498 543 662 585 decrepita
685 543 784 575 haeck
809 547 858 576 est
881 544 1002 582 civitas,
1027 544 1057 573 in
1082 553 1144 584 qua
1169 543 1215 573 tu¹
1240 544 1383 577 moraris,
1409 545 1537 575 nomine
1560 544 1749 586 Bizantium,
1776 548 1865 578 cuius

214 594 295 624 muri
320 594 409 624 iamm
434 599 536 635 prae¹¹
560 598 718 626 vetustate
748 595 946 636 consumpti⁰
970 598 1055 633 sunt,
1087 600 1119 625 et
1143 604 1246 635 paene
1272 595 1378 625 onmia
1403 597 1531 626 moenia
1556 597 1644 626 oiusv
1668 603 1863 632 corruerunt.

213 644 362 676 Ascende
387 647 494 687 itaque
519 646 607 677 illum
631 656 748 687 equum
773 650 892 682 tauma,
916 647 947 677 in
972 657 1034 687 quo
1059 645 1238 687 baptizatus
1262 647 1292 676 iu
1316 646 1397 677 albis
1422 647 1530 678 sedisti
1557 648 1587 678 in
1608 648 1687 679 urbe
1704 649 1809 681 Roma
1833 655 1865 682 et

214 697 432 737 apostolorum
461 701 494 728 et
520 698 684 728 martirum
712 698 838 729 liminar
861 698 1013 737 circuisti,
1045 701 1077 729 et
1100 698 1182 728 hune
1206 697 1337 729 sedenss
1361 701 1434 729 tene
1460 698 1604 730 labarum
1629 702 1746 740 tuum&
1779 703 1864 743 quod

213 748 304 789 signo
329 748 446 779 Christi
470 759 510 780 ex
534 759 612 780 auro
637 752 669 780 et
692 751 827 791 gemmis
851 753 899 781 est
923 750 1052 791 pictum.
1097 749 1169 780 Hoc
1192 749 1361 780 labarum¹¹
1385 754 1496 781 teneus
1520 751 1551 781 in
1576 750 1711 783 dextera
1735 756 1790 784 tua
1807 753 1863 785 de-

213 799 324 830 mitte*
349 799 474 831 frenum
499 801 582 841 equi,
607 803 650 837 ut,
676 811 738 842 quo
762 812 836 832 eum
859 801 986 833 duxerit
1009 801 1142 842 angelus
1165 801 1263 840 Deiw‚
1288 801 1362 832 illuc
1388 805 1454 838 eat;
1480 806 1512 832 tu
1538 806 1645 834 autem
1671 804 1768 835 fixum
1794 816 1864 836 eus-

212 850 320 890 pidem
345 851 446 882 labari
470 851 500 882 in
525 855 610 883 terra
633 853 678 883 sic
703 852 794 884 trahe
819 863 890 884 eum
900 859 924 892 Χ,
948 856 982 884 ut
998 853 1144 884 semitam
1162 853 1260 884 faciat
1277 853 1426 884 transitus
1443 854 1504 886 sni:
1529 864 1698 895 perquam
1716 857 1862 887 semitam

214 902 336 932 exstrui
366 902 485 933 faciesy
515 913 622 934 muros
651 907 684 934 et
712 904 793 935 hanc
823 908 1007 936 veteranam
1033 905 1194 935 civitatem
1220 908 1252 935 et
1276 915 1381 945 paene
1406 910 1564 936 mortuam
1589 906 1638 936 inz
1663 907 1862 939 iuvenculam

183 967 193 979 ο
213 953 380 983 suscitabis
404 957 436 985 et
457 954 502 984 tui
519 955 654 985 nominis
670 955 826 987 vocabulo
844 955 1051 995 nominabis⁵‚
1075 957 1120 986 ita
1136 959 1170 986 ut
1186 957 1330 997 reginam
1348 956 1434 987 illam
1453 957 1551 987 facias
1569 958 1709 989 omnium
1726 959 1862 990 urbium.

213 1003 282 1034 Erit
306 1005 389 1035 enim
414 1005 444 1036 in
469 1015 508 1036 ea
531 1016 646 1037 nomen
672 1006 791 1037 domini
815 1007 889 1038 Iesu
914 1007 1031 1038 Christi
1055 1007 1280 1047 magnificumb
1305 1012 1337 1038 ct
1363 1011 1455 1038 erunt
1478 1008 1508 1038 in
1526 1018 1564 1039 ca
1582 1010 1703 1050 templa
1720 1009 1781 1041 Dei
1805 1011 1863 1042 adc

213 1055 368 1087 honorem
399 1057 560 1088 omnium‘l
589 1060 770 1089 sanctorum
801 1062 983 1090 constructa
1012 1062 1045 1089 et
1073 1058 1128 1089 filii
1159 1059 1203 1089 tui
1235 1062 1307 1099 post
1339 1062 1389 1089 te⁰
1420 1062 1453 1089 et
1481 1059 1537 1089 filii
1569 1059 1705 1091 filiorum
1736 1066 1862 1093 tuorum

215 1107 411 1148 regnabuntf
432 1109 462 1138 in
487 1114 555 1139 eag.
591 1108 755 1150 Evigilans
771 1109 900 1140 autemh
919 1108 1145 1140 Constantinus
1161 1110 1268 1140 statim
1285 1110 1327 1140 ad
1345 1109 1527 1140 ecelesiami
1545 1112 1687 1151 perrexit
1704 1112 1863 1144 indicans-

213 1158 296 1199 que¹¹
321 1159 472 1200 episcopo
497 1160 646 1200 civitatis,
674 1161 742 1192 viro
766 1163 875 1191 sancto
899 1161 1028 1191 nomine
1053 1159 1216 1200 Sisinnio¹7
1247 1161 1421 1198 somnium,
1447 1160 1533 1202 quod
1557 1162 1644 1202 prius
1667 1163 1806 1203 viderat,
1832 1169 1864 1196 et

216 1209 353 1241 offerens
375 1210 446 1242 Deo
471 1221 604 1242 munera
628 1215 661 1243 et
683 1212 921 1243 communicans
944 1215 1206 1243 sacramentumm
1231 1212 1425 1243 dominicum
1448 1212 1591 1243 ascendit
1609 1224 1726 1254 equum
1743 1220 1775 1246 et
1791 1226 1863 1256 per-

213 1261 312 1301 rexit,
344 1272 406 1303 quo
436 1272 509 1293 eum
539 1262 630 1294 duxit
657 1264 791 1305 angelus
818 1263 939 1295 domini
967 1267 1064 1305 atque
1088 1274 1145 1304 per
1169 1264 1300 1294 semitas
1324 1263 1427 1295 labari
1452 1263 1662 1296 fundamenta
1686 1272 1862 1298 creverunt.

313 1416 336 1447 ὃ)
355 1417 489 1442 clamidem
502 1417 650 1449 AGLOR1,
669 1418 776 1443 clamide
794 1427 842 1443 sua
861 1417 917 1451 (sed
929 1426 1026 1443 rasura
1038 1426 1119 1450 supra
1135 1427 1149 1443 e
1162 1423 1185 1443 et
1202 1418 1228 1450 a)
1248 1418 1272 1442 B
1342 1417 1366 1450 b)
1386 1419 1459 1444 elena
1471 1418 1507 1443 12¹
1579 1419 1601 1450 c)
1621 1418 1715 1452 simpla
1734 1420 1863 1454 (simplam

210 1458 249 1486 A:
269 1459 373 1491 lineola,
392 1464 418 1484 ut
434 1460 542 1491 videtur,
561 1469 594 1485 πι.
608 1461 674 1488 alia)
693 1461 873 1486 Inebdomadis
894 1461 925 1492 G,
944 1461 1092 1486 ebdomadis
1110 1462 1138 1492 (b
1151 1469 1182 1486 ετ
1194 1470 1210 1494 p
1229 1461 1278 1493 m¹)
1298 1461 1322 1485 B
1403 1460 1429 1493 d)
1448 1462 1658 1494 intercapidinem
1672 1463 1770 1495 AGR¹‚
1788 1464 1865 1489 inter-

208 1502 331 1534 capedine
350 1502 376 1533 (e
386 1503 461 1534 prius
473 1512 504 1529 ex
516 1502 536 1533 i)
554 1503 580 1528 B
650 1504 671 1535 e)
690 1513 792 1529 rursum
811 1504 835 1528 L
911 1503 930 1536 f)
949 1505 1019 1529 uitae
1038 1513 1086 1529 om.
1100 1503 1151 1529 AG
1230 1504 1255 1535 Β)
1274 1505 1392 1529 siluerter
1411 1504 1435 1528 A
1514 1503 1540 1535 h)
1559 1506 1600 1530 sui
1617 1506 1655 1529 m²
1675 1514 1756 1538 supra
1775 1507 1820 1532 lin.
1839 1507 1864 1531 B

208 1543 226 1575 i)
247 1545 269 1570 ei
287 1546 380 1571 iterum
400 1545 423 1570 L
509 1545 535 1578 k)
554 1547 619 1572 haec
637 1547 720 1578 codd„
738 1547 786 1572 hoc
806 1547 877 1572 Giles
961 1546 979 1578 ¹)
999 1553 1027 1572 tu
1046 1556 1095 1572 om.
1109 1546 1159 1572 AG
1242 1546 1274 1579 Φ)
1295 1548 1406 1572 muriam
1424 1546 1552 1579 (supra-30.
1572 1549 1579 1572 i
1597 1548 1647 1578 m¹)
1667 1549 1691 1572 A
1774 1549 1798 1581 ¹¹)
1817 1559 1862 1582 pro

210 1587 271 1619 AG,
290 1596 351 1621 prae
369 1589 524 1615 BLOGiles
610 1589 633 1622 0)
652 1591 754 1615 consuti
776 1590 797 1615 0
890 1590 915 1622 Ρ)
934 1591 989 1616 eius
1008 1591 1108 1615 moenia
1127 1590 1239 1615 BLOR¹
1334 1590 1358 1622 ι1)
1379 1591 1451 1615 illum
1470 1595 1544 1616 tuum
1563 1599 1656 1623 equum
1676 1591 1701 1616 B
1797 1592 1819 1623 ι·)
1838 1597 1864 1618 et

208 1632 382 1663 apostolorum
400 1633 490 1657 limina
508 1637 533 1658 et
551 1638 692 1666 martyrum
710 1633 742 1663 B,
762 1634 897 1658 martirum
910 1633 934 1657 L
1009 1634 1029 1665 S)
1048 1634 1083 1658 sic
1102 1633 1176 1658 codd.
1189 1642 1283 1664 omnes,
1303 1638 1326 1658 et
1344 1638 1410 1659 recte
1423 1635 1456 1666 cf.
1473 1634 1579 1666 Gregorr
1598 1635 1669 1666 epist.
1690 1634 1728 1665 II,
1749 1634 1866 1659 XXXII

208 1674 338 1699 caballum
363 1675 436 1700 illum
459 1676 547 1701 sedere
571 1685 621 1701 non
644 1685 762 1709 possum,
788 1677 849 1708 quia
871 1677 947 1701 miser
965 1680 1014 1708 est,
1034 1677 1091 1701 illos
1109 1681 1195 1702 autem
1213 1677 1295 1701 bonos
1315 1677 1405 1702 sedere
1424 1685 1475 1701 non
1493 1685 1609 1709 possum,
1630 1678 1691 1709 quia
1709 1678 1774 1703 asini
1793 1682 1861 1703 sunt.

215 1716 282 1741 Will.
296 1717 430 1743 Malmesb.
443 1717 483 1743 De
496 1722 557 1751 qest.
571 1727 622 1751 req.
636 1720 781 1751 Anylorum
799 1720 815 1750 §
827 1721 876 1745 354
894 1720 936 1745 eui
955 1738 962 1745 .
976 1738 981 1744 .
995 1739 1001 1745 .
1020 1720 1133 1745 insidens
1218 1720 1236 1751 2)
1255 1719 1378 1752 tullp'ss'um:
1398 1721 1425 1745 in
1443 1728 1496 1745 ras,
1515 1721 1566 1752 fuit
1583 1729 1613 1745 ar
1631 1721 1655 1745 A
1732 1720 1758 1752 ¹¹)
1777 1721 1862 1747 laba}-

208 1768 265 1784 rum
285 1760 310 1784 A
398 1760 421 1792 V)
440 1761 543 1786 demitte
562 1761 620 1792 AB,
639 1762 738 1788 dimitte
759 1763 782 1787 G
794 1772 826 1783 =
839 1763 878 1788 ed.
892 1772 936 1795 pr.
1031 1762 1061 1794 W)
1081 1763 1129 1788 Dei
1148 1771 1195 1788 om.
1210 1763 1246 1786 12²
1337 1763 1362 1794 x)
1382 1763 1462 1788 fixum
1481 1782 1487 1788 .
1501 1782 1506 1787 .
1525 1782 1530 1788 .
1548 1772 1607 1788 eum
1625 1764 1708 1795 codd„
1733 1763 1789 1789 Vita
1810 1764 1861 1789 Sil-

207 1803 284 1828 vestre*
301 1807 324 1828 et
342 1803 400 1829 edd.
419 1812 515 1834 ornnes,
544 1809 569 1830 et
587 1809 615 1830 tu
633 1809 719 1830 autem
737 1806 818 1830 fixum
837 1806 954 1838 cupidem
973 1813 1088 1837 supra-ec.
1107 1814 1119 1830 s
1142 1805 1176 1834 O,·
1205 1805 1272 1830 Will.
1297 1805 1390 1831 Malm.
1414 1806 1431 1831 l.
1445 1806 1462 1832 l.
1489 1807 1563 1831 cuius
1588 1807 1694 1838 cuspide
1717 1807 1743 1831 in
1767 1811 1861 1832 terram

207 1850 289 1871 tracta
307 1847 373 1872 muri
391 1847 535 1872 scribentur
555 1849 664 1880 vestigia
751 1848 775 1880 Υ)
794 1849 892 1873 exstrui
911 1849 989 1873 facies
1008 1849 1066 1878 AG,
1090 1849 1174 1873 extrui
1192 1849 1272 1873 facias
1293 1847 1422 1880 (suprasc.
1441 1857 1455 1874 e
1474 1848 1524 1879 m²)
1543 1848 1568 1873 B
1585 1849 1624 1873 ecl.
1632 1857 1686 1880 pr„
1711 1850 1795 1874 extrui
1815 1849 1860 1880 123²,

209 1889 287 1914 facias
306 1889 329 1913 L
399 1889 421 1921 z)
440 1890 466 1914 in
484 1898 566 1922 supra
583 1891 629 1916 lin.
642 1891 705 1915 m¹A
775 1890 799 1922 ¹³)
819 1892 974 1916 uocabulum
993 1891 1129 1916 suscitabis
1148 1891 1263 1915 AGR²P
1281 1890 1338 1922 (sed
1356 1899 1471 1923 supraec.
1486 1891 1532 1922 re),
1552 1892 1678 1917 uocabulo
1697 1890 1724 1923 (o
1737 1900 1767 1917 ex
1782 1893 1810 1924 ὖ)
1829 1892 1861 1924 Β,

211 1932 357 1957 nominabis
376 1933 403 1957 in
421 1941 474 1958 ras.
492 1933 567 1965 ⁷⁷:²13,
587 1934 744 1959 uocabulum
763 1935 928 1960 resuscitabis
946 1934 1086 1959 minoribus
1105 1934 1195 1959 litteris
1212 1942 1327 1966 euprasc.
1348 1934 1494 1959 nominabis
1513 1943 1568 1959 eam
1588 1934 1611 1958 L
1715 1933 1740 1965 b)
1768 1943 1861 1960 nomen

207 1974 253 2000 dfii
271 1976 411 2008 magnificu
430 1976 475 2001 ihu
493 1975 537 2009 xpi
557 1981 582 2002 et
601 1996 607 2002 .
621 1999 627 2004 .
641 1996 647 2002 .
666 1977 737 2010 tEpla
755 1977 798 2002 ds}
821 1978 849 2008 0,
869 1976 913 2002 dfii
932 1975 971 2002 nfi
990 1978 1035 2002 ihu
1054 1976 1099 2010 xpi
1119 1976 1153 2001 Βι
1243 1975 1266 2009 ⁰)
1284 1977 1316 2001 ad
1335 1977 1362 2007 (d
1375 1985 1406 2001 ea:
1419 1975 1440 2008 t)
1454 1977 1478 2001 A
1570 1975 1594 2007 d)
1614 1978 1727 2002 omnium
1746 1979 1861 2003 omnium

208 2016 319 2049 scotum,
338 2019 452 2044 omnium
470 2020 515 2044 alt.
534 2019 604 2044 linea
621 2020 699 2045 (lacta
716 2020 844 2045 sublatum
863 2021 888 2044 A
959 2020 982 2051 Β)
1001 2024 1071 2053 poste
1090 2018 1216 2051 (suprasc.
1237 2024 1247 2044 t
1265 2018 1314 2050 711²)
1334 2019 1366 2050 B,
1387 2023 1459 2051 poste
1482 2019 1510 2051 O,
1530 2019 1634 2052 poslllste
1653 2028 1768 2051 suprasc.
1782 2025 1792 2045 t
1809 2020 1860 2050 ⁷71²,-

207 2061 234 2085 ἰη
253 2069 306 2086 rae.
324 2061 424 2087 videtur
440 2062 521 2094 s‘uisee
539 2066 563 2088 te
582 2063 608 2087 P
704 2062 722 2094 Υ)
750 2063 890 2096 τθςῃεὼιιέῐ
908 2063 1036 2095 (supr-asc.
1056 2071 1072 2087 n
1090 2062 1142 2092 ⁷⁷1²,
1165 2062 1303 2094 regnabuit
1322 2061 1389 2094 m¹52)
1408 2062 1433 2086 Ρ
1529 2061 1554 2093 8)
1583 2063 1608 2087 in
1627 2071 1684 2087 eam
1704 2063 1748 2088 secl
1761 2067 1861 2095 puncta

207 2105 281 2136 infra
300 2114 324 2130 m
344 2105 368 2129 P
459 2104 484 2136 ¹¹)
504 2106 522 2130 11
541 2115 574 2126 =
593 2110 680 2131 autem
698 2107 734 2131 sic
751 2107 827 2131 etiam
845 2106 919 2138 infra
937 2106 962 2130 P
1050 2104 1067 2136 i)
1086 2105 1211 2130 aeclesiam
1230 2105 1262 2136 L,
1283 2105 1419 2136 ecclesiam
1442 2105 1463 2129 O
1557 2104 1582 2136 k)
1602 2105 1756 2137 iudiicausq3
1775 2106 1807 2137 B,
1827 2106 1859 2130 ad

209 2149 343 2173 aeclaesiam
362 2149 545 2181 indiscansque,
565 2150 647 2180 prexit
664 2157 746 2181 supra
764 2150 810 2174 lin.
828 2149 892 2173 m¹A
963 2147 981 2180 ¹)
1001 2149 1105 2174 sisinnio
1119 2149 1151 2180 G,
1169 2148 1293 2173 Silamiuo
1312 2148 1352 2173 ecl.
1359 2157 1403 2180 pr.
1476 2147 1508 2179 ¹¹¹)
1527 2150 1689 2173 sacramento
1709 2147 1734 2180 (e
1747 2156 1777 2173 ex
1789 2148 1821 2180 ae)
1839 2148 1860 2173 0

313 2296 338 2326 l)
362 2295 443 2321 Gesta
463 2295 584 2321 Silvestri
602 2295 618 2321 I.
632 2294 647 2321 l.
667 2294 794 2328 Septima
812 2296 906 2321 autem
926 2294 971 2321 die
989 2293 1086 2320 ieiunii
1106 2293 1148 2320 sui
1167 2293 1246 2320 adest
1265 2292 1291 2319 ei
1310 2292 1412 2319 iterum
1432 2292 1460 2318 in
1482 2291 1587 2318 visione
1600 2293 1712 2318 sanctus
1724 2291 1859 2318 Silvester

209 2344 316 2372 dicens:
336 2347 411 2372 Anus
429 2346 574 2380 decrepita
592 2345 694 2373 civitas
712 2346 781 2373 haee
801 2348 850 2378 est,
870 2345 898 2373 in
917 2354 973 2380 qua
991 2347 1041 2372 tua
1059 2345 1090 2378 (l.
1104 2346 1148 2378 tu)
1167 2344 1294 2376 moraris,
1314 2343 1424 2371 nomine
1445 2343 1618 2375 Bizantium;
1645 2343 1722 2369 cuius
1741 2345 1769 2370 et
1788 2343 1858 2369 muri

207 2405 275 2431 prae
289 2399 430 2424 vetustate
443 2397 602 2432 consumpti
620 2400 686 2424 sunt
705 2399 734 2425 et
752 2405 822 2431 pene
841 2397 934 2424 onmia
953 2397 1012 2423 eius
1031 2396 1141 2423 moenia
1160 2397 1329 2423 corruerunt.
1366 2395 1492 2422 Ascende
1512 2416 1518 2421 .
1532 2416 1538 2422 .
1552 2415 1578 2422 ..
1599 2395 1627 2421 in
1646 2395 1713 2421 urbe
1734 2395 1859 2421 Romana

207 2450 237 2475 et
255 2457 305 2482 per
323 2449 513 2483 apostolorum
532 2450 561 2476 et
579 2451 732 2483 martyrum
751 2449 850 2476 limina
869 2448 1000 2481 circuisti,
1020 2451 1048 2476 et
1064 2449 1137 2475 hunc
1150 2448 1248 2475 sedens
1261 2450 1325 2474 tene
1340 2447 1467 2474 labarum
1482 2449 1569 2477 tuum,
1589 2447 1662 2480 quod
1675 2446 1755 2481 signo
1769 2446 1858 2473 crucis

206 2510 240 2528 ex
263 2500 380 2535 gemmis
406 2502 434 2527 et
458 2509 524 2527 auro
544 2502 586 2528 est
605 2500 720 2535 pictum.
757 2501 816 2527 Hoc
835 2500 962 2527 labarum
981 2502 1078 2527 tenens
1156 2519 1162 2526 .
1181 2499 1293 2526 dimitte
1312 2499 1420 2525 frenum
1440 2498 1504 2532 equi
1525 2498 1577 2530 tui,
1603 2500 1645 2530 ut,
1669 2507 1724 2531 quo
1747 2497 1858 2524 duxerit

208 2552 337 2587 angelus,
361 2552 429 2579 illuc
452 2554 507 2580 eat.
543 2552 585 2579 Tu
604 2554 699 2579 autem
718 2553 770 2579 fixo
790 2552 898 2587 cuspite
911 2553 989 2586 (sies)
1009 2551 1100 2578 labari
1122 2552 1150 2577 in
1174 2553 1277 2578 terram
1301 2550 1342 2577 sic
1366 2551 1446 2578 trahe
1465 2550 1545 2576 illum
1626 2571 1631 2576 .
1651 2552 1680 2576 et
1699 2549 1772 2576 hanc
1791 2549 1856 2575 civi-

207 2606 296 2631 tatem
311 2605 472 2630 veteranam
491 2624 496 2630 .
511 2624 517 2631 .
531 2624 537 2631 .
556 2604 598 2631 tui
617 2603 736 2631 nominis
750 2604 886 2631 vocabulo
903 2603 1046 2630 decorabis
1066 2624 1072 2630 .
1086 2624 1091 2630 .
1106 2624 1112 2630 .
1149 2602 1209 2630 Erit
1228 2602 1301 2629 enim
1321 2602 1349 2628 in
1370 2602 1421 2628 illa
1439 2609 1538 2629 nomen
1559 2600 1663 2627 domini
1678 2601 1738 2627 Iesu
1752 2600 1856 2627 Christi

209 2655 388 2690 magnificum
407 2675 413 2682 .
427 2675 433 2682 .
446 2675 452 2681 .
471 2655 622 2686 instructa,
645 2658 674 2682 et
698 2656 749 2682 filii
768 2658 879 2683 tuorum
898 2655 1019 2683 filiorum
1035 2655 1193 2690 regnabunt
1211 2654 1238 2680 in
1257 2662 1298 2681 ea.
1337 2653 1484 2687 Evigilans
1504 2673 1530 2679 ..
1550 2652 1645 2686 pergit
1664 2651 1857 2684 indicavitque

207 2727 213 2734 .
229 2728 234 2734 .
255 2707 313 2734 viro
337 2708 434 2733 sancto
457 2706 578 2733 Sisinnio
597 2727 603 2733 .
616 2727 623 2734 .
642 2707 716 2741 quod
740 2707 816 2742 prius
838 2707 948 2734 viderat
967 2709 996 2734 et
1013 2706 1142 2734 secundo.
1178 2705 1266 2732 Offert
1285 2705 1342 2732 Deo
1362 2712 1477 2731 munera.
1496 2706 1522 2730 et
1543 2702 1748 2730 communicans
1767 2709 1855 2728 sacra-

210 2760 305 2785 mento
325 2758 463 2785 dominico
483 2779 489 2785 .
502 2778 509 2786 .
523 2779 528 2785 .
543 2778 549 2785 .
568 2766 640 2791 quae
658 2767 759 2793 graeco
778 2767 902 2786 sermone
920 2758 1024 2786 dicitur
1043 2756 1300 2791 Constantinopolis
1319 2756 1354 2782 ad
1374 2755 1536 2782 hodiernum
1555 2755 1628 2781 diem

1596 2806 1645 2831 33*
