2183 3077
143 696 168 713 10

143 951 166 969 1⁵

140 1217 165 1236 20

141 1473 166 1492 25

769 141 938 167 CHARTAE
959 142 1255 168 ALDHELMJANAE.
1773 149 1807 177 51
1823 150 1829 177 1

187 232 320 268 propter
344 237 404 268 ego
423 226 608 263 Caedvalla,
633 228 822 268 disponente
846 227 985 258 Domino
1008 239 1074 263 rex.
1099 232 1228 269 rogatus
1245 240 1263 259 a
1281 229 1462 259 venerando
1476 229 1656 260 Vuill'rido'²
1673 232 1836 272 episcopo,

187 286 221 308 ut
237 278 296 308 sibi
314 278 545 319 aliquantulam
571 284 688 309 terram
706 279 746 309 ad
771 278 955 319 suffragium
974 280 1058 309 vitae
1079 289 1156 310 suae
1181 280 1378 320 fratrumque
1395 291 1534 318 suorum,
1560 281 1612 321 qui
1629 291 1735 312 secum
1761 293 1835 312 con-

189 332 407 365 versarentur,
441 332 473 359 et
504 329 533 359 in
564 328 671 359 divino
703 330 833 360 servitio
863 329 955 360 huius
984 330 1266 370 peregrinationis,
1295 341 1389 371 quam
1415 332 1461 361 vir
1489 332 1689 362 venerandus
1719 333 1836 364 diutius

189 381 323 421 peregit,
349 390 405 420 pro
424 380 622 410 relaxatione
640 381 806 411 criminum
825 384 856 412 et
880 382 1026 421 perpetui
1050 382 1183 421 praemii
1208 382 1412 421 receptaculo
1437 382 1543 423 largiri
1566 382 1725 424 dignarer,
1750 385 1836 415 vius·

188 431 336 471 precibus
366 432 528 462 annuens³
554 436 712 462 terrenam
742 432 801 462 sibi
837 432 1140 472 possessiunculam,
1172 432 1211 463 de
1248 443 1310 473 qua
1344 435 1537 474 suggerere¹¹
1564 434 1745 468 videbatur,
1780 446 1836 476 pro

187 482 332 513 remedio
358 483 483 513 animae
508 484 623 513 meae*
647 482 784 513 libenter
812 482 953 523 impendi
981 487 1014 513 et
1037 483 1118 513 hane
1143 483 1389 514 liberalitatemC
1413 485 1472 514 sub
1496 485 1719 517 aestimatione
1744 487 1836 517 Lxx

187 534 425 564 tributariorum
450 535 629 564 taxavimus
653 535 682 564 in
708 534 761 565 illo
788 535 868 573 loco,
893 535 944 575 qui
970 535 1085 565 (licitur
1108 535 1310 575 pecganham
1328 535 1463 576 aliisque
1489 536 1566 566 locis
1587 537 1835 578 circumquaque

184 585 406 615 adiacentibus
420 585 492 624 (hoc
507 589 555 615 est
567 586 758 626 scrippaueg
773 610 778 616 .
793 585 957 616 ceorlatun
972 610 977 616 .
992 586 1176 626 bucganora
1192 611 1197 616 .
1213 586 1466 627 beorganstcde.
1481 586 1813 628 northbeorgaustcde
1829 613 1834 618 .

185 636 385 676 crymesham
418 648 450 667 se
482 637 595 667 nothra
626 636 842 667 mundanham
861 662 866 666 .
884 637 976 667 other
1006 637 1237 677 mundanham)
1273 642 1305 668 et
1335 637 1414 668 haec
1439 639 1546 668 omnia
1570 639 1744 669 venerabili
1769 640 1835 669 viro

186 687 346 718 Vuilfrido
371 698 442 718 cum
467 698 622 719 consensu
647 691 679 718 et
703 688 821 719 devota
846 689 1085 719 confirmatione
1110 688 1266 729 Ecgvaldi
1300 689 1462 730 subreguli
1489 690 1519 719 in
1544 694 1738 730 potestatem
1762 702 1835 731 pro-

186 740 275 779 priae
305 739 530 770 dominationis
561 750 618 780 pro
643 750 720 769 suae
744 740 863 770 nimiae
887 740 1063 771 sanctitatis
1087 741 1328 771 conversatione
1359 745 1389 771 et
1420 744 1598 771 nostrorum
1631 746 1834 782 pcccatorum

186 790 384 821 relaxatione
409 790 621 831 redegimusd.
658 791 793 832 Insuper
816 790 998 821 addidimus
1022 791 1171 822 fratribus
1195 792 1259 822 suis
1281 791 1341 823 deo
1364 793 1575 823 servientibus
1598 793 1638 823 ad
1665 793 1835 823 ecclesiam

185 840 293 872 Sancti
313 842 462 872 Andreae
480 852 577 883 super
593 843 694 882 ripam
711 843 867 882 positamo
885 842 1072 873 orientalem
1091 847 1210 883 portus7
1228 844 1279 883 qui
1298 843 1413 874 dieitur
1429 843 1686 885 vedringmutha,
1707 849 1835 883 terram,

185 903 267 932 quae
293 892 408 923 (licitur
432 897 609 934 tangmere,
640 893 671 923 X
696 893 946 932 tributariorum,
979 898 1014 924 ut
1046 895 1100 929 eis,
1131 894 1285 935 quamdiu
1310 894 1389 926 fides
1419 895 1577 926 catholica
1605 900 1732 936 regnet,
1763 896 1835 926 hinc

186 945 366 975 necessaria
391 945 563 985 corporalis
587 956 660 976 usus
680 945 864 986 specialiter
881 945 1104 986 praebeantur.
1145 945 1176 976 Si
1202 947 1271 986 quis
1295 956 1370 977 vero
1389 965 1427 969 —
1446 946 1531 988 quod
1555 947 1651 977 absit!
1671 965 1707 969 —
1727 951 1837 977 contra

184 995 263 1026 haec
297 994 428 1026 decreta
458 996 592 1027 firmiter
623 1000 742 1027 statuta
777 997 935 1027 contraire
965 1000 996 1027 et
1027 1007 1066 1027 ea
1095 997 1220 1027 solvere
1244 1000 1378 1028 conatus
1411 997 1520 1034 fuerit,
1551 999 1674 1029 noverit
1702 1008 1736 1028 se
1761 1003 1835 1028 ante

184 1046 323 1077 tribunal
349 1048 505 1078 examinis
529 1047 646 1078 Christi
675 1049 832 1079 rationem
864 1048 1061 1079 redditurum
1094 1053 1126 1079 et
1158 1048 1279 1079 habere
1304 1052 1426 1089 partem
1460 1060 1531 1080 cum
1558 1049 1650 1080 luda.
1683 1049 1837 1080 traditore
1852 1065 1906 1085 Acta
1921 1069 2018 1091 ,μῌε

185 1096 314 1128 Domini
339 1099 436 1128 nostri
462 1098 558 1128 lhesu
582 1098 709 1135 Christi,
736 1099 765 1128 in
790 1099 912 1129 inferno
938 1099 1123 1129 inferi01·e‘⁵
1148 1123 1154 1129 .
1174 1124 1179 1129 .
1199 1124 1204 1129 .
1223 1123 1230 1129 .

292 1149 385 1179 Anno
411 1149 591 1180 dominicae
616 1150 841 1180 incarnationis
864 1149 1051 1181 DCLXXX
1077 1156 1126 1180 ..S

294 1211 313 1246 †
333 1208 401 1250 Ego
428 1208 604 1241 Caedvalla
627 1219 685 1240 rex
709 1220 727 1240 a
752 1210 898 1250 praefato
923 1213 1054 1250 rogatus
1078 1211 1230 1250 episeopo
1254 1210 1336 1241 hane
1360 1210 1540 1241 donationis
1564 1221 1656 1242 meae
1680 1212 1834 1242 cartulam

183 1260 324 1291 scribere
349 1261 425 1290 iussi
443 1263 475 1291 et
491 1260 611 1302 absque
629 1261 767 1291 trimoda
791 1262 984 1292 necessitate
1002 1262 1098 1292 totius
1115 1261 1277 1292 christiani
1294 1261 1405 1302 populi
1430 1261 1474 1297 (id
1491 1265 1539 1292 est
1555 1263 1635 1292 arcis
1651 1263 1836 1303 munitione,

182 1312 289 1352 pontis
317 1311 553 1346 emendatione,
579 1312 723 1343 exercitii
748 1313 969 1352 congestione)
994 1311 1127 1343 liberam
1153 1313 1334 1353 perstrinxi.

290 1364 310 1399 ἦ·
328 1362 398 1404 Ego
422 1363 587 1404 Ecgvuald
613 1363 803 1404 subregulus
828 1367 935 1394 mente
961 1364 1077 1394 devota
1101 1365 1248 1395 consensi
1273 1367 1305 1395 et
1329 1364 1511 1405 subscripsi.

289 1415 309 1451 †
326 1414 395 1455 Ego
421 1414 647 1446 Aethelredus.
672 1415 802 1446 domino
827 1418 991 1456 prestante
1016 1426 1082 1455 rex,
1106 1426 1163 1456 pro
1188 1415 1331 1446 remedio
1357 1416 1484 1446 animae
1508 1426 1600 1447 meae
1628 1415 1710 1446 hanc
1734 1416 1833 1447 dona-

186 1466 305 1497 tionem
331 1466 545 1497 corroboravi.

294 1519 314 1555 ἢ
331 1517 402 1559 Ego
426 1517 556 1549 Haeddi
580 1518 749 1559 episcopus
773 1518 917 1548 consensi
942 1522 974 1549 et
997 1518 1178 1559 subscripsi.

291 1571 310 1607 †
327 1569 397 1610 Ego
421 1569 686 1600 Ercenvualdus⁶
711 1570 880 1610 episcopus
904 1570 1049 1600 consensi
1074 1574 1106 1600 et
1129 1570 1311 1610 subscripsi.

291 1621 310 1656 ’ξ’
327 1620 396 1662 Ego
421 1621 626 1659 Aldhelmus7
659 1621 846 1651 scolasticus
876 1621 1109 1662 archiepiscopi
1137 1621 1330 1657 Theodori7,
1361 1621 1442 1651 hanc
1469 1620 1624 1651 cartulam
1653 1621 1832 1654 dictitans&

289 1722 326 1755 [3]
354 1724 377 1755 ³)
396 1725 470 1749 cuius
490 1724 618 1756 IxYemble)
707 1723 731 1754 b)
751 1732 871 1756 sugerere
890 1724 919 1748 K
1004 1724 1026 1755 c)
1050 1724 1174 1749 libertatis
1194 1724 1221 1748 Κ
1315 1722 1340 1755 d)
1365 1724 1506 1756 redigimur
1524 1724 1552 1748 A*
1638 1724 1660 1755 εΞ)
1679 1725 1787 1756 positum
1808 1724 1834 1748 K

184 1766 204 1798 f)
223 1766 302 1792 'Here
321 1767 422 1799 follows
440 1767 480 1792 the
493 1768 656 1795 boundaries,
677 1768 787 1792 inserted
800 1768 825 1791 in
839 1767 918 1791 Latin
932 1767 986 1791 and
1004 1767 1030 1791 in
1044 1766 1083 1791 the
1100 1775 1169 1791 sanie
1188 1763 1270 1791 lzavzd’
1281 1766 1311 1791 K
1378 1766 1403 1797 8)
1419 1772 1475 1798 pos!
1495 1767 1561 1791 hunc
1580 1767 1700 1792 excidisse
1718 1768 1834 1791 ultimum

183 1819 318 1835 numerum
336 1815 409 1842 puto,
427 1818 489 1834 ἠαπι
509 1810 650 1835 caedi-alla
668 1819 738 1835 anno
758 1810 857 1834 demum
876 1812 925 1835 685
943 1818 989 1834 rex
1007 1811 1093 1841 fuctus
1111 1814 1158 1838 θρα
1180 1810 1320 1834 notandum
1341 1814 1422 1834 autem
1448 1818 1575 1834 (ωιΊιυνιιπι
1595 1810 1789 1842 subscriptiones
1808 1811 1833 1835 [11

186 1854 341 1878 Οαεάυαῖἷαε
359 1854 455 1878 chartis
473 1853 575 1885 saepius
593 1861 644 1878 esse
663 1853 818 1885 depravatas

286 1938 312 1966 2)
339 1937 413 1963 Eclai
431 1937 585 1970 Stephanus
609 1937 660 1962 rita
683 1937 803 1968 li'ilfridi
821 1945 842 1963 c.
856 1942 888 1963 42
907 1937 1017 1971 Quippe
1037 1937 1209 1967 Caedwalla,
1235 1936 1457 1963 Occidentalium
1477 1936 1614 1963 Saxonum
1638 1937 1758 1971 regionis
1778 1948 1832 1965 mo-

182 1989 324 2016 narchiam
344 1991 441 2016 tenens
460 1990 503 2020 (=
514 1998 538 2015 a.
553 1993 610 2021 68⁵)
629 1987 725 2014 statim
745 1988 877 2014 Sanctum
892 1988 1050 2014 Wilfridum
1073 1988 1232 2022 episcopum
1252 1990 1378 2014 nostrum
1397 1989 1531 2021 gentilem
1552 1989 1686 2023 populum
1706 1989 1733 2015 in
1748 1990 1831 2016 Suth-

180 2049 274 2067 sexum
303 2041 372 2067 bene
400 2041 435 2067 ad
460 2041 546 2067 Deum
577 2043 783 2067 convertentem
811 2060 839 2067 ..
866 2040 901 2066 ad
929 2050 956 2067 se
982 2040 1075 2066 venire
1107 2039 1249 2066 humiliter
1274 2039 1429 2066 accersivit.
1480 2039 1651 2073 lamiamque
1679 2043 1775 2067 sancto
1799 2050 1832 2067 ac

184 2092 337 2119 venerabili
363 2095 443 2125 patre
470 2094 561 2118 nostro
582 2092 711 2118 veniente
733 2100 779 2118 rex
800 2091 958 2118 Caedwalla
978 2091 1006 2117 in
1029 2092 1103 2118 omni
1128 2100 1212 2126 regno
1231 2101 1280 2117 suo
1298 2091 1437 2118 excelsum
1460 2091 1647 2117 consiliarium
1667 2100 1729 2118 mox
1752 2092 1831 2118 illum

183 2144 348 2178 composuit.
384 2143 461 2170 Tunc
482 2152 544 2170 vero
565 2143 725 2169 Caedwalla
743 2143 922 2176 triumphalis
940 2145 1038 2169 sancto
1057 2143 1187 2177 pontifice
1207 2144 1299 2169 nostro
1319 2151 1368 2176 per
1387 2142 1473 2169 Deum
1497 2142 1606 2168 elevato
1626 2145 1653 2168 et
1680 2143 1831 2169 innumeris

181 2197 317 2221 terrarum
343 2195 469 2228 partibus
497 2196 525 2221 et
552 2194 711 2221 muneribus
738 2194 870 2221 donorum
898 2195 1048 2221 secundum
1075 2194 1242 2221 desiderium
1270 2194 1379 2220 animae
1407 2203 1472 2220 suae
1499 2203 1548 2227 pro
1572 2194 1627 2220 Deo
1651 2194 1760 2220 donatis

180 2246 306 2273 illaesum
326 2246 425 2273 audaci
445 2246 537 2272 animo
556 2247 700 2275 tuebatur:
722 2246 777 2272 ride
795 2246 872 2272 etiam
886 2246 921 2272 K.
934 2246 1021 2278 Obser,
1043 2246 1151 2280 Wilfrid
1168 2246 1213 2271 cler
1226 2246 1328 2272 Aeltera
1338 2254 1365 2278 1).
1379 2250 1419 2272 66.
1450 2245 1583 2271 Plnmmcr
1601 2245 1638 2271 ad
1656 2245 1754 2271 Bedmn
1772 2247 1795 2272 11.
1810 2254 1829 2272 e.

180 2297 229 2323 IV
238 2301 265 2324 16
277 2309 307 2319 =
320 2298 357 2324 II
365 2307 390 2330 11-
404 2302 453 2324 :229
470 2298 541 2324 Will.
555 2298 688 2324 Malmesb.
702 2307 726 2331 y.
738 2306 763 2330 p.
776 2298 827 2323 III
840 2302 921 2330 10211.
933 2300 982 2323 233
991 2298 1073 2323 Ham.
1160 2298 1187 2329 3)
1206 2297 1440 2329 Lezcllzerii1n·e‘1·il.
1452 2305 1480 2330 p.
1491 2301 1549 2328 50⁸,
1562 2301 1606 2322 16:
1624 2297 1829 2331 praedictorum

181 2349 315 2375 abbatum
336 2349 464 2382 precibus
483 2358 604 2376 annuens
696 2350 722 2381 4)
742 2349 818 2375 ami„-
837 2349 872 2376 ob
892 2349 943 2375 hoc
958 2349 1132 2383 potissimum
1153 2349 1224 2375 hanc
1238 2348 1403 2382 petitionem
1419 2349 1542 2374 fraterna
1561 2348 1664 2374 caritas
1681 2357 1828 2382 suggerere

180 2400 298 2427 videtur.
320 2416 348 2419 -
374 2410 424 2435 pro
443 2401 564 2428 remedio
583 2401 691 2428 animae
711 2410 802 2428 meae:
827 2402 925 2434 Ieyitur
943 2401 1022 2426 etiam
1043 2401 1070 2425 ιή
1091 2401 1211 2433 yenuina
1234 2400 1281 2426 Ini
1307 2400 1375 2432 regis
1402 2399 1495 2425 charta
1517 2400 1585 2424 anni
1611 2403 1655 2425 723
1675 2411 1705 2421 =
1725 2399 1829 2424 Kemble

183 2460 210 2478 u,
225 2451 332 2477 LXXI
348 2452 384 2483 cf.
397 2453 475 2478 etiam
493 2461 519 2478 π,
534 2452 601 2478 LII.
616 2452 691 2478 LVI
792 2453 818 2484 5)
844 2452 943 2477 Charta
966 2451 1060 2477 Osheri
1084 2452 1151 2483 reyis
1164 2463 1195 2472 z
1211 2451 1319 2477 Kemhle
1338 2460 1364 2477 n.
1381 2450 1548 2476 XXXXVI
1565 2450 1593 2476 Si
1613 2450 1674 2483 quis
1694 2451 1763 2476 hanc
1783 2450 1827 2475 do-

184 2503 326 2529 nationem
341 2503 480 2530 minuetur
493 2504 561 2535 (sic),
575 2503 647 2530 sciat
660 2512 687 2530 se
700 2504 872 2530 redditurum
886 2503 1022 2530 rationem
1038 2502 1064 2529 in
1078 2502 1123 2528 die
1136 2502 1234 2529 iudicii
1248 2505 1277 2529 et
1291 2504 1398 2536 partem
1413 2502 1472 2527 eius
1486 2510 1544 2528 esse
1557 2510 1618 2527 cum
1633 2501 1827 2535 peccatoribus

186 2556 214 2579 et
235 2563 296 2580 cum
316 2554 385 2580 Iuda
403 2555 545 2582 traditore.
566 2555 705 2582 cruciatus
723 2555 781 2581 sine
801 2555 853 2582 fine
873 2555 899 2580 in
919 2555 1026 2581 inferno
1045 2563 1106 2581 cum
1126 2554 1239 2580 diabulo
1330 2554 1355 2585 6)
1376 2552 1581 2578 Mcmrualdus
1603 2553 1739 2585 episcopus
1756 2552 1827 2577 Lon-

181 2604 310 2631 (li'nicnsis
320 2609 454 2632 675—693
525 2607 550 2639 7)
564 2606 689 2632 ,Similiter
702 2607 728 2631 in
743 2606 800 2632 cod.
814 2607 994 2639 aeniymatum
1008 2606 1134 2631 Britamz.
1148 2605 1212 2638 Rey.
1227 2610 1254 2630 12
1269 2604 1404 2629 CXXIII
1415 2605 1459 2635 (=
1472 2604 1506 2629 13¹
1527 2604 1561 2635 cs.
1574 2612 1599 2635 p.
1610 2604 1651 2636 51)
1665 2603 1827 2629 Aldhelmus

182 2656 446 2690 (archiepiscopusl)
466 2661 572 2683 vocatur
591 2658 730 2684 Theodori
749 2657 868 2684 rhetoris
887 2657 1048 2691 discipulus.
1089 2656 1242 2681 Theodorus
1261 2658 1316 2681 enm
1337 2656 1363 2680 in
1386 2656 1503 2688 yratiam
1522 2654 1601 2680 rediit
1620 2663 1677 2680 cum
1702 2655 1828 2687 Wilfri'do

179 2708 213 2739 cs.
238 2707 316 2734 obser
333 2709 348 2734 Ι.
363 2708 380 2734 l.
397 2712 472 2741 1›.69
585 2709 611 2741 8)
641 2709 745 2735 Kemble
763 2718 790 2735 n.
805 2709 946 2735 XLVIII
965 2708 1095 2741 (aenaim
1119 2708 1210 2733 charta
1231 2707 1301 2739 In.i).·
1330 2706 1387 2741 Ego
1410 2706 1624 2739 Vuynberchtus
1649 2705 1825 2732 donationem

179 2758 288 2785 dictans
307 2759 457 2793 subscripsi
631 2750 635 2754 Α
