2183 3077
880 168 925 194 Dr:
946 167 1194 194 VIRGINITATE.
1801 176 1856 204 27¹

211 257 400 287 delitescere
426 267 486 286 non
516 255 631 286 feram.
656 255 744 286 cuius
768 255 830 285 vita
863 254 945 285 adeo
974 255 1072 295 signis
1101 258 1133 285 et
1167 255 1321 296 prodigiis
1353 257 1598 288 miraculorum¹¹
1623 259 1863 289 coruscantibus

211 308 334 343 claruit,
359 311 393 338 ut
417 312 526 338 eontra
551 317 654 337 rerum
681 310 825 338 naturam
850 306 1000 347 liquentis
1024 306 1174 337 elementi
1197 307 1385 346 qualitatem
1410 307 1467 338 soli
1486 308 1556 339 Deo
1581 309 1766 340 mutabilem
1794 320 1862 341 ora-

212 359 332 390 tionum
357 363 519 390 armatura
551 359 650 389 fretus
678 359 707 388 in
733 357 819 388 aliud
847 367 948 399 genus
973 357 1203 395 converteretb,
1227 358 1385 398 siquidem
1419 360 1448 389 in
1474 359 1604 400 vigiliisv
1628 361 1861 400 paschalibusd.

211 410 339 451 quando
376 411 546 452 reciprocis
580 420 734 440 annorum
763 410 909 440 circulis⁰
937 409 1109 439 anastas-iss
1141 408 1300 440 dominica
1331 410 1445 440 solitae
1473 410 1696 441 sollemnitatis
1724 413 1862 453 tripudio

182 473 193 490 5
214 461 424 500 eelebraturss,
455 461 608 492 fortuito¹¹
640 461 787 501 contigit,
819 465 852 491 ut
881 460 1020 490 liehinisi
1045 464 1076 491 et
1100 460 1304 501 lampadibus
1333 461 1489 491 eeclesiae
1518 461 1644 501 pinguis
1673 462 1735 492 olei
1759 463 1863 504 liquor

212 517 387 554 oportunus
422 512 586 543 defuisset.
643 512 724 542 Tum
753 512 799 542 vir
827 512 898 542 Deo
928 511 1055 542 deditus
1083 511 1220 552 liquidas
1255 512 1389 542 fontium
1418 512 1585 553 lymphask
1614 514 1798 544 exorcizans
1832 519 1863 544 et

211 574 322 595 sacrae
354 564 586 595 benedictionis
614 563 760 594 ubertate
789 563 964 594 fecundans
995 563 1154 603 stupendo
1183 564 1307 593 virtutis
1335 563 1519 604 spectaculo
1549 564 1757 605 pinguescere
1789 565 1861 596 feeit

214 616 258 646 ita
282 615 464 655 dumtaxat,
493 619 527 646 ut
550 615 637 645 latex
662 615 862 645 lucernarum
888 613 1100 645 cicindilibusl
1128 614 1250 644 infusus
1277 615 1307 644 in
1339 614 1401 645 olei
1425 615 1667 645 crassitudinem
1692 616 1864 656 perniciter

211 671 394 698 verteretur
417 671 448 698 et
466 667 622 707 papirusm
647 667 677 696 in
695 669 803 697 centro
829 666 950 706 positus
968 666 1055 696 velut
1079 665 1182 696 fomes
1206 667 1333 696 arvinan
1351 666 1402 697 vel
1426 676 1501 697 sevo
1524 667 1744 697 madefactus-⁰
1768 668 1862 698 solito

170 732 193 750 ιο
217 719 352 749 elarius1'
370 719 575 749 lucesceret‘¹.
614 717 735 748 Verum
753 719 918 758 antiquusr
934 717 1063 748 humani
1087 718 1215 758 generis
1238 720 1400 758 grassator
1424 729 1480 758 pro
1506 721 1594 748 tanta
1610 719 1745 748 rumoris
1769 729 1861 759 prae-

136 774 162 797 G-
177 777 201 796 ³³
217 771 390 811 rogatu-az
419 780 482 811 qua
506 769 734 800 catholicorum
760 769 872 800 laudes
896 769 1126 801 erebrescunss.
1155 769 1305 810 obliquo¹¹
1332 769 1440 800 livoris
1468 769 1536 800 zelo
1561 769 1566 812 Ι
1591 770 1805 810 succenditur,
1830 775 1863 801 ut

217 825 304 851 tamv
330 821 504 852 favorabile
529 821 586 852 viri
602 820 663 851 Dei
687 821 893 861 praeconium
918 820 1033 850 falsisw
1058 821 1294 861 suspicionum¹
1319 821 1515 861 argumentis
1543 821 1781 852 nutabundum·v
1806 822 1862 852 eli-

218 871 318 904 deret.
376 872 459 903 Nam
494 872 620 903 strofosi
652 871 868 903 fallaciarumz
898 871 1107 902 fabricatores
1140 872 1216 902 satis
1250 872 1438 912 probrosum
1470 872 1591 903 facinus
1625 877 1657 903 et
1686 873 1862 903 inauditum

212 924 331 955 crimen
356 923 509 954 adversus
537 934 610 954 eum
640 924 670 953 in
701 923 854 954 cathedra
879 923 1103 964 pestilentiaen
1127 922 1278 954 sedentes
1307 924 1336 953 in
1362 924 1495 955 concilio
1524 925 1581 955 sub
1607 924 1706 955 tribus
1730 924 1863 955 testibus

168 988 190 1005 1⁵
211 975 369 1006 fallaciter
401 975 637 1016 pei-iurantibus
668 975 892 1012 concinnantb,
928 978 962 1005 ut
990 975 1156 1015 psalmista
1186 975 1438 1015 chirografatur:
1475 975 1724 1006 Immo-‹wermn
1754 976 1789 1005 m
1818 986 1864 1005 me
1879 988 1912 1008 rs.
1924 989 1992 1013 26,12

209 1029 299 1057 testes
321 1027 423 1065 iniqui
446 1029 474 1057 et
496 1027 624 1057 meusim
649 1029 693 1056 cst
712 1026 866 1065 iniquitas
880 1026 972 1058 sibie:
998 1036 1131 1066 quorum
1156 1036 1235 1056 unus
1259 1026 1312 1058 ita.
1337 1036 1376 1056 ne
1401 1026 1467 1056 lare
1485 1026 1661 1067 crepitante
1680 1030 1862 1058 torreretur.

210 1078 370 1109 veraciter
393 1088 427 1108 se
452 1077 511 1108 fari
530 1077 738 1115 testabatur-d,
763 1077 844 1108 alius
868 1077 922 1115 ita,
946 1087 986 1107 ne
1010 1076 1169 1107 virulenta
1192 1078 1301 1117 regiae
1326 1078 1425 1117 pestis
1449 1077 1710 1108 incommoditate
1728 1077 1862 1118 popula-

210 1133 306 1164 retur,
330 1130 443 1160 tertius
467 1130 521 1166 ita,
545 1134 605 1159 ne⁹
628 1129 775 1169 gemellis
799 1129 964 1159 oculorum
994 1128 1158 1159 obtutibus
1186 1128 1377 1159 orbareturf.
1425 1128 1475 1159 Ita
1498 1128 1665 1159 Narcissus
1688 1128 1760 1159 Deo
1788 1139 1862 1160 con-

208 1180 283 1211 fisus
310 1190 514 1221 nequaquam
543 1180 788 1221 apologitieam,
816 1184 852 1210 ut
880 1182 988 1211 sontes
1020 1183 1052 1210 ct
1079 1180 1220 1210 insontes
1244 1179 1362 1218 solent,
1387 1179 1607 1211 defensionem
1632 1180 1781 1221 exquirit,
1806 1180 1863 1211 sed

163 1243 188 1262 ρο
208 1231 398 1273 pontificalis
422 1231 595 1263 cathedrae
619 1232 745 1272 apicem
769 1231 828 1262 hae
851 1231 1041 1262 occasioneg
1062 1231 1190 1262 inventa
1212 1231 1395 1272 relinquens
1417 1231 1596 1262 abstrusam
1620 1231 1741 1262 heremi
1767 1232 1862 1261 vasti-

311 1318 335 1348 8)
359 1318 480 1350 prodigiis
498 1318 518 1348 (i
537 1318 582 1343 ult.
602 1318 628 1342 in
647 1318 671 1342 A
695 1326 811 1349 supa-asc.
831 1316 880 1349 712¹)
899 1317 1080 1342 miraculorum
1100 1317 1182 1346 codd„
1202 1317 1384 1342 miraculorum
1404 1318 1526 1350 prodigiis
1548 1318 1617 1342 Giles
1711 1316 1735 1349 b>
1758 1326 1863 1343 conuer-

208 1359 308 1391 lllster&
328 1360 351 1384 A
429 1360 451 1391 c)
470 1360 593 1393 uigilillls
612 1359 705 1393 (supra
722 1368 776 1384 ras.
795 1361 830 1383 7ηι
851 1361 867 1391 i,
887 1360 914 1384 in
927 1369 979 1385 ras.
993 1361 1043 1392 fuit
1062 1359 1090 1391 a)
1110 1360 1134 1384 A
1205 1358 1230 1391 d)
1249 1360 1394 1392 pascalibus
1414 1360 1463 1385 GO
1542 1360 1563 1391 e)
1583 1361 1686 1385 circulis
1706 1361 1765 1391 AG,
1784 1361 1863 1385 curri-

207 1404 273 1429 culis
292 1403 411 1429 BC¹0²L
430 1404 464 1436 cf.
483 1403 519 1428 ad
538 1402 617 1427 XIII
627 1403 644 1427 Ιι.
723 1402 741 1434 ¹)
761 1404 901 1428 anastassis
920 1403 1006 1428 AC²G
1025 1404 1086 1435 fryt.
1109 1402 1164 1434 0x.,
1182 1404 1296 1428 anatasis
1314 1402 1441 1435 (supi-asc.
1461 1412 1472 1428 s
1490 1403 1539 1436 711²)
1558 1403 1594 1427 R²
1675 1402 1700 1436 Β)
1720 1404 1864 1429 celebratur

207 1447 290 1477 codd.,
309 1447 487 1472 celebrabatur
508 1446 578 1471 Giles
660 1445 684 1477 h)
705 1447 813 1471 fortuitu
833 1446 1069 1471 AC¹C²GLOJ2¹²S
1147 1445 1165 1479 i)
1185 1446 1287 1470 lichinis
1306 1446 1389 1477 codd„
1408 1447 1509 1479 lychnis
1529 1446 1600 1471 Giles
1678 1445 1704 1476 k)
1723 1446 1863 1480 lymphasls'(

207 1498 324 1522 cupreae.
343 1499 355 1515 s
374 1490 408 1521 A,
426 1490 546 1522 lymphas
567 1488 639 1514 GOS
731 1487 749 1520 l)
769 1489 951 1514 cincindilibus
971 1489 1022 1513 AB
1035 1488 1162 1521 (supra-sc.
1180 1498 1250 1514 man.
1263 1490 1389 1514 insularis
1406 1490 1554 1519 luminarib;
1577 1490 1599 1514 G
1613 1500 1645 1510 =
1660 1490 1696 1521 A)
1711 1490 1742 1521 G,
1761 1491 1863 1521 ciffi—'5¹¹-

207 1533 278 1563 dilib;
297 1532 334 1557 Βα
421 1534 454 1562 ¹¹¹)
474 1533 591 1565 papirus:
611 1532 682 1564 pirus
702 1532 738 1555 772¹
759 1532 785 1556 in
804 1540 857 1556 rae.
877 1531 901 1556 Β
983 1531 1007 1563 ¹¹)
1025 1533 1118 1557 aruina
1137 1531 1264 1565 (supraec.
1283 1533 1321 1556 m²
1340 1533 1467 1565 axungia)
1488 1533 1519 1557 0¹
1538 1532 1642 1563 (aruina
1663 1533 1714 1564 ΟΖ),
1735 1534 1864 1565 ausungia

209 1576 337 1608 (supra-sc.
355 1574 428 1600 abii·
448 1576 540 1600 aruina
562 1576 590 1606 O,
608 1575 737 1607 ausungia
756 1575 934 1607 B²R⁴Heref.,
952 1583 1058 1607 axunga
1077 1575 1099 1600 S
1168 1576 1192 1607 ⁰)
1212 1584 1254 1600 ma
1273 1576 1403 1601 defactus:
1422 1576 1537 1608 syllabae
1549 1576 1618 1601 tenui
1632 1576 1701 1601 linea
1713 1577 1863 1601 coniunctae

206 1619 279 1644 ἰηἳίγι
362 1618 387 1650 r)
405 1619 506 1643 crarius
524 1617 545 1650 (l
559 1627 640 1650 snpra
652 1617 676 1650 r)
696 1618 719 1642 A
809 1618 833 1649 q)
852 1617 1046 1650 lucescelllsllret
1067 1618 1098 1642 Ο*
1186 1618 1208 1650 ¹')
1227 1619 1332 1650 antiqus
1351 1619 1478 1651 (supra-sc.
1492 1628 1508 1643 v
1526 1618 1575 1651 νηὶ)
1595 1619 1618 1643 A
1702 1620 1723 1650 Β)
1741 1628 1863 1652 proroga-

208 1662 262 1686 tiua
283 1661 314 1686 0²
386 1662 406 1692 t)
425 1655 545 1686 eresciint
564 1661 693 1693 (suprasc.
707 1662 752 1686 bre
770 1661 820 1693 ⁷72²)
840 1661 864 1685 B
934 1662 959 1692 ¹¹)
979 1662 1085 1693 obliquo
1106 1661 1157 1686 AG
1228 1662 1251 1691 v)
1272 1667 1300 1687 ut
1318 1667 1369 1687 tam
1384 1662 1434 1686 AB
1447 1663 1502 1693 alii,
1521 1667 1606 1687 tamen
1627 1662 1697 1687 Giles
1767 1664 1796 1693 w)
1815 1663 1863 1687 sal-

208 1705 243 1728 sis
263 1704 313 1728 AG
385 1704 410 1736 ¹)
430 1705 582 1737 suspieiuusi
595 1704 624 1735 (u
638 1704 664 1728 iu
678 1703 704 1734 o)
717 1704 749 1735 B,
770 1704 941 1736 suspiciorum
964 1704 985 1729 Ο
1054 1704 1078 1735 5)
1096 1705 1278 1729 nutabundum
1298 1705 1382 1735 codd„
1401 1706 1588 1730 mutabundum
1610 1705 1680 1730 Giles
1751 1705 1772 1736 z)
1792 1706 1861 1730 falla-

207 1742 324 1779 cilq'llfari'i
345 1747 377 1772 C¹
466 1747 489 1778 Β)
508 1747 665 1780 paestilentiae
685 1748 708 1772 G
800 1746 824 1778 b)
844 1748 981 1772 concinant
1002 1746 1068 1771 C¹C²
1165 1747 1187 1779 c)
1207 1748 1290 1779 iniqui
1308 1756 1390 1779 usque
1409 1749 1458 1773 sibi
1478 1747 1752 1774 ABC¹G²G011¹²R³S
1770 1749 1808 1773 ed.
1818 1758 1861 1780 pr.

207 1787 232 1819 d)
252 1793 363 1814 testatus
381 1794 419 1814 est
438 1790 470 1820 B,
490 1793 598 1814 testatur
616 1797 731 1821 suprasc.
751 1790 785 1814 ba
806 1790 837 1813 0²
915 1790 936 1821 Θ)
956 1788 1009 1815 *ne
1028 1791 1062 1815 ita
1081 1790 1165 1821 codd.,
1183 1790 1228 1815 secl
1250 1790 1271 1815 Ο
1290 1799 1322 1815 ne
1341 1799 1422 1822 supra
1441 1791 1486 1815 lin.
1505 1791 1542 1814 m¹
1562 1795 1620 1815 ante
1640 1791 1675 1816 ita
1752 1789 1770 1821 s)
1790 1791 1861 1815 orbe-

208 1836 278 1857 retur
297 1832 330 1857 02
419 1833 444 1863 8)
463 1833 511 1857 hoc
529 1833 660 1857 occasione
680 1832 703 1856 L

210 1908 370 1934 memoriam
384 1917 472 1935 sermo
486 1908 665 1943 progrediens
679 1908 787 1939 attulit,
802 1917 954 1942 congruum
968 1908 1037 1934 mihi
1052 1908 1169 1940 videtur,
1183 1909 1216 1935 de
1230 1909 1289 1935 eius
1302 1909 1390 1944 gestis
1400 1909 1556 1944 insignibus
1567 1918 1716 1936 memorare
1730 1930 1736 1935 .
1748 1930 1770 1936 ..
1784 1909 1862 1936 Acci-

208 1959 251 1986 dit
260 1959 411 1993 aliquando
422 1960 450 1986 in
460 1960 504 1986 die
515 1960 631 1986 solemni
644 1959 804 1994 vigiliarum
816 1959 939 1985 Paschae
950 1959 1041 1985 oleum
1052 1959 1146 1986 deesse
1158 1959 1342 1987 luminaribus
1353 1982 1359 1987 .
1371 1982 1376 1987 .
1387 1960 1434 1987 sed
1443 1960 1589 1988 Narcissus
1603 1961 1655 1988 fide
1670 1961 1754 1988 fidens
1768 1960 1861 1987 minis-

209 2011 261 2037 tris
274 2010 395 2044 imperat
409 2010 520 2037 haurire
533 2019 635 2044 aquam
649 2010 756 2044 sibique
770 2010 878 2041 deferri,
893 2019 1010 2043 cumque
1023 2010 1194 2042 intulissent,
1206 2010 1299 2037 oravit
1311 2013 1340 2037 et
1354 2011 1496 2038 benedixit
1509 2021 1611 2045 aquam
1624 2015 1652 2039 et
1662 2012 1770 2038 infundi
1781 2011 1861 2038 lumi-

208 2062 322 2088 naribus
335 2062 494 2096 praecepit;
512 2064 572 2088 tum
586 2064 700 2095 repente
713 2061 782 2088 miro
801 2063 830 2088 et
843 2062 944 2088 seculis
956 2061 1084 2088 inaudito
1097 2070 1197 2096 genere
1211 2061 1324 2088 virtut-is
1337 2064 1437 2089 natura
1449 2072 1539 2096 aquae
1553 2063 1580 2090 in
1594 2064 1649 2090 olei
1662 2063 1860 2098 pinguedinem

209 2122 288 2140 versa
300 2114 475 2147 splendorem
488 2114 624 2140 luminum
644 2114 747 2140 etiam
767 2113 874 2139 solito
894 2113 1017 2140 reddidit
1040 2113 1225 2140 clariorem
1245 2134 1270 2140 ..
1285 2134 1310 2140 ..
1330 2114 1443 2147 quidam
1462 2115 1623 2142 homunculi
1642 2124 1769 2149 nequam,
1788 2114 1860 2140 male

207 2165 262 2191 sibi
273 2165 375 2192 conscii
385 2167 550 2197 metuentes.
564 2174 598 2192 ne
609 2165 754 2192 criminum
765 2173 883 2195 suorum,
898 2165 920 2191 si
934 2168 1123 2199 arguerentur,
1137 2174 1192 2191 non
1206 2167 1319 2200 possent
1332 2166 1452 2201 effugere
1464 2167 1624 2198 vindictam,
1638 2166 1823 2201 praeveniunt
1833 2167 1861 2192 et

208 2216 378 2244 factionibus
403 2217 602 2244 circumvenire
625 2219 726 2251 parant
749 2225 824 2248 eum,
851 2217 928 2243 cuius
954 2216 1087 2243 iudicium
1108 2218 1284 2244 verebantur.
1320 2217 1494 2244 Coneinnant
1516 2217 1603 2251 igitur
1629 2217 1775 2244 adversum
1798 2225 1860 2243 eum

206 2268 312 2295 infame
339 2269 408 2295 satis
436 2271 464 2295 et
492 2269 604 2295 noxium
632 2268 750 2299 crimem
779 2269 950 2295 conveniunt
975 2268 1129 2300 auditores;
1159 2270 1244 2296 testes
1271 2277 1304 2296 ex
1332 2271 1420 2296 semet
1445 2269 1513 2303 ipsis
1539 2269 1708 2303 producunt,
1736 2268 1784 2302 qui
1810 2268 1861 2294 sub

206 2324 380 2348 sacramento
408 2321 570 2351 iuramenti,
598 2329 670 2354 quae
699 2320 906 2351 obiciebantur,
936 2321 1141 2352 confirmarent,
1170 2329 1286 2354 quorum
1314 2330 1384 2347 unus
1413 2321 1493 2347 testis
1521 2320 1577 2352 ita,
1603 2330 1657 2347 non
1685 2321 1715 2353 (l.
1728 2323 1774 2353 ne)
1802 2319 1861 2353 igni

207 2375 426 2403 consumeretur,
453 2381 517 2399 vera
540 2381 569 2399 se
593 2373 685 2400 dicere
710 2373 883 2405 testabatur,
909 2373 981 2399 alius
1006 2373 1061 2404 ita,
1089 2381 1123 2399 ne
1146 2373 1223 2407 regio
1247 2373 1342 2400 morbo
1366 2375 1599 2406 corrumperetur,
1626 2371 1726 2399 tertius
1749 2371 1802 2402 ita,
1829 2379 1861 2397 ne

207 2422 360 2449 luminibus
393 2423 538 2450 orbaretur
565 2444 595 2450 ..
624 2423 793 2456 (Narcissus)
823 2424 995 2458 subterfugit
1025 2424 1161 2451 ecclesiae
1189 2424 1400 2451 multitudinem
1427 2426 1455 2451 et
1482 2424 1510 2449 in
1538 2423 1655 2450 desertis
1681 2422 1748 2449 locis
1776 2424 1861 2455 atque

207 2474 308 2508 agellis
327 2474 523 2501 secretioribus
541 2475 683 2502 delitescit
703 2475 781 2502 annis
800 2485 884 2509 quam
903 2476 1040 2510 plurimis.
1077 2477 1114 2503 At
1137 2485 1190 2503 non
1215 2476 1264 2503 ille
1283 2485 1401 2511 magnus
1419 2475 1533 2502 divinae
1552 2474 1745 2509 providentiae
1765 2474 1861 2501 oculus·

206 2525 327 2558 quiescit
351 2525 378 2551 in
403 2526 515 2560 longum
616 2526 723 2553 Primus
747 2535 866 2560 namque
886 2527 933 2554 ille
959 2527 1040 2554 testis
1063 2536 1152 2561 parva
1180 2527 1252 2562 ignis
1279 2527 1406 2554 scintilla
1433 2527 1523 2554 noctis
1550 2528 1676 2560 tempore
1703 2526 1784 2552 domo
1811 2534 1859 2550 sua

206 2585 338 2603 succensa
357 2586 417 2603 cum
437 2577 512 2603 omni
531 2586 631 2612 genere
650 2587 699 2605 suo
719 2578 849 2612 omnique
868 2578 977 2605 familia
996 2579 1114 2605 flammis
1132 2579 1279 2606 ultricibus
1299 2579 1494 2613 conflagravit;
1518 2578 1590 2605 alius
1609 2579 1724 2612 repente
1743 2577 1779 2603 ab
1799 2576 1861 2602 imis

207 2628 325 2662 pedibus
344 2637 430 2662 usque
449 2629 485 2654 ad
504 2638 640 2656 summum
659 2630 763 2664 capitis
777 2630 909 2657 verticem
928 2630 1024 2657 morbo
1043 2630 1121 2665 regio
1135 2651 1140 2655 .
1152 2651 1158 2657 .
1172 2631 1296 2665 repletur
1313 2633 1398 2664 atque
1412 2630 1595 2659 consumitun
1616 2628 1716 2655 tertius
1729 2630 1823 2655 autem
1838 2648 1860 2654 ..

207 2679 387 2706 audientibus
401 2680 510 2707 cunetis
526 2689 587 2707 sera
601 2681 776 2714 poenitentia
789 2681 947 2708 universum
962 2681 1121 2708 concinnati
1136 2682 1247 2709 sceleris
1263 2683 1386 2709 ordinem
1404 2681 1512 2715 pandit.
1530 2681 1617 2708 tantis
1630 2683 1725 2707 autem
1739 2680 1861 2706 lacrimis

207 2731 327 2757 inmanis
346 2731 485 2758 commissi
504 2732 612 2758 facinus
631 2732 715 2760 deflet
733 2734 762 2760 et
786 2733 814 2759 in
841 2735 951 2759 tantum
973 2752 998 2759 ..
1023 2733 1156 2767 perdurat
1181 2734 1302 2766 fletibus,
1328 2742 1470 2767 usquequo
1497 2733 1648 2759 luminibus
1673 2731 1816 2758 orbaretur
1835 2751 1860 2757 ..

207 2786 255 2809 (3.8
268 2803 290 2808 ..
305 2782 333 2809 iu
347 2791 378 2809 eo
392 2782 544 2816 (Narcisso)
559 2783 712 2818 complevit
725 2784 853 2811 dominus
868 2784 961 2810 dicens
973 2784 1070 2810 ‘Mihi
1085 2784 1287 2813 vindictam.
1307 2793 1366 2819 ego
1386 2784 1581 2816 retribuam,
1601 2783 1687 2810 dicit
1700 2782 1862 2809 dominus*
