2183 3077
172 712 196 730 1⁰

174 970 196 988 1⁵

889 151 935 177 DI«)
954 150 1204 177 VIRGINITATE.
1804 156 1867 184 275

217 238 295 268 tiam
321 236 413 268 simul
438 236 667 267 introducunt-¹⁸.
715 236 802 273 Quos
826 237 1018 278 imperatorb
1036 237 1115 267 mira
1138 236 1212 267 fidei
1237 238 1414 268 constantia
1440 238 1587 276 munitos,
1611 248 1680 269 cum
1699 239 1867 270 verborum

218 289 416 330 argumentis
448 288 559 319 fallere
591 289 752 329 nequiret,
788 289 926 319 cruentis
961 287 1130 319 verberum
1167 288 1281 319 ictibus
1314 289 1466 329 vapulare
1503 291 1700 330 p1·aeccpit‘;
1735 302 1868 322 cernens

217 339 345 371 autemd
367 339 570 370 furibundus¹²
589 340 749 381 princeps‘
766 341 915 371 invictam
941 340 1144 381 parvulorum
1168 340 1378 371 constantiam
1403 345 1628 381 percunctatur
1651 342 1867 373 venerandum

216 391 414 432 praesulem.
446 395 551 422 utrum
575 391 629 422 filii
654 392 700 423 sui
726 392 883 422 veraciter
913 397 1028 422 essent.
1074 391 1313 432 Respondisse&
1344 391 1471 433 legitur:
1504 391 1585 422 Filii
1615 394 1674 423 mci
1707 404 1771 425 verr:
1793 397 1868 425 sunt

215 443 386 474 secundum
419 441 538 479 Dewm
572 443 729 474 mulierem
764 446 867 474 (uatem
898 453 1002 473 coram
1033 442 1100 473 Deo
1131 453 1195 474 meo
1228 453 1289 473 non
1319 443 1457 483 coynovi,
1491 454 1528 474 ac
1557 454 1616 483 quo
1644 447 1740 475 auctus
1771 446 1866 475 sum&

215 493 325 525 Tunch
349 497 476 525 sanctus
500 494 643 525 Babilasi
669 494 868 526 decollandik
892 495 1021 525 sortitus
1049 495 1240 525 sententiam
1273 505 1343 525 cum
1369 494 1468 525 tribus
1492 495 1628 525 alumnis
1652 496 1756 536 capite
1781 500 1867 527 trun-

215 545 316 576 catur-¹
341 550 372 577 et
395 545 498 577 rubris
522 556 675 577 venarum
699 545 806 576 rivulis
829 550 1009 577 sacratui-¹¹¹.

324 597 501 628 XXXIIII.
533 596 614 628 SED
638 601 671 628 et
694 607 812 638 operae
838 598 976 638 pretium
1001 608 1072 628 reor
1082 598 1104 637 27
1130 603 1163 628 ut
1180 598 1408 629 celeberrimos
1425 597 1595 639 spiritalis¹¹
1612 599 1744 630 militiae
1769 599 1867 630 bella-

216 652 302 680 tores
327 652 359 680 et
382 649 530 680 caelestis
555 648 732 680 medicinae
757 648 951 680 archiatros⁰
969 648 1118 680 Cosmam
1143 653 1175 680 et
1190 649 1406 680 Damianum³
1424 660 1627 691 nequaquam
1651 650 1692 681 ab
1716 650 1868 682 historica

214 700 378 741 virginum
403 700 556 731 relatione
580 700 766 732 dirimentes
790 701 876 731 velut
900 701 1046 742 indignos
1071 704 1271 732 cete1·01·um¹'
1295 702 1455 732 consortio
1479 706 1727 743 sequestremus,
1781 704 1868 738 Quos

216 752 248 782 in
265 762 402 792 superno
419 752 676 783 Hierusolimaeq
694 753 889 794 municipatu
906 753 1171 794 pracdistinatosr
1187 756 1219 784 et
1243 753 1396 784 aethralis
1412 753 1610 784 litteraturae
1635 753 1708 784 albo
1725 753 1867 795 descrip-

218 807 282 833 tosS
304 813 374 834 cum
400 803 571 844 praedictis
595 804 918 845 commanipularibus
942 804 1171 835 laetabundost
1187 805 1255 835 fore
1280 804 1470 835 fiducialiter
1494 805 1692 836 confidimus.
1728 806 1868 847 Tempo-

217 854 303 885 ribus
320 865 457 896 namque
474 855 680 887 Dioclitiani¹¹
697 859 730 887 et
746 856 933 887 Maximiani
944 857 956 875 ⁴¹
973 856 1147 897 olimpiade
1164 856 1259 887 .CC.v
1276 857 1479 898 sexagesima
1495 857 1644 897 septima,
1668 868 1739 888 cum
1757 858 1869 888 edictis

217 906 399 938 crudelibus
423 907 600 939 catholicae
629 907 704 939 fidei
737 908 913 947 cultoresw,
945 918 1023 949 quos
1053 907 1259 939 Christicolas
1292 912 1324 939 et
1354 909 1528 939 crucicolas
1558 909 1796 950 nuncupabant,
1827 909 1868 940 ad

216 958 439 989 turificandum
463 959 650 990 statunculis
673 959 873 990 ethnicorum
897 964 1110 1000 cogerenturx
1136 959 1292 999 (nolentes
1316 962 1444 990 autemy
1468 964 1672 1000 apostatarez
1700 961 1731 991 id
1756 964 1803 992 est
1827 961 1868 992 ad

215 1011 397 1050 apostasiae
414 1011 636 1042 volutabrum*
660 1012 778 1042 reverti
801 1012 972 1052 capitalem
997 1011 1172 1052 compulsib
1188 1014 1260 1042 sunt
1283 1011 1388 1042 subire
1405 1012 1611 1051 sententiam)
1635 1030 1676 1034 —
1700 1023 1762 1053 qua
1786 1016 1867 1043 tem-

217 1065 344 1102 pestate
376 1062 558 1103 praedictos
582 1062 720 1094 Chi-istic
749 1063 921 1093 tirunculos
951 1063 1102 1104 religiosa
1130 1063 1278 1104 genetrix
1303 1062 1460 1103 gemellos
1484 1064 1579 1093 enixa
1604 1066 1666 1103 est,
1691 1064 1743 1104 qui
1768 1063 1866 1104 pede-

216 1113 383 1154 temptimd
417 1114 449 1144 in
481 1115 658 1155 pubertatis
691 1114 883 1155 primordio⁰
911 1115 1128 1145 instrumentis
1156 1114 1399 1145 medicinalibus
1435 1114 1547 1145 imbuti
1580 1119 1644 1145 tam
1678 1114 1868 1146 valitudines

320 1222 343 1253 ὃ)
362 1222 559 1247 introducuntur
577 1222 660 1253 codd„
678 1217 845 1247 introducunt
863 1221 887 1246 L
961 1221 986 1253 b)
1005 1222 1136 1255 inperator
1158 1222 1178 1246 Ο
1249 1222 1272 1253 ⁰)
1291 1222 1416 1255 praecipit
1436 1221 1469 1252 A,
1487 1223 1618 1254 praecepit
1635 1227 1689 1248 cett.
1760 1221 1785 1254 d)
1804 1223 1824 1246 Π
1842 1223 1866 1247 A

218 1265 266 1295 (ἱια
284 1265 360 1290 etiam
378 1266 472 1298 iufra),
489 1266 551 1291 aute
569 1265 608 1289 πι.3
626 1274 706 1298 snpra
725 1265 769 1290 lin.
789 1265 813 1289 B
884 1265 907 1296 ⁸)
926 1266 1089 1290 buribundus
1107 1265 1235 1298 (suprasc.
1255 1267 1267 1290 f
1282 1265 1331 1296 ⁷11²)
1349 1265 1373 1289 A
1445 1264 1463 1296 ¹)
1482 1266 1586 1297 pinceps
1605 1266 1731 1297 (suprasc.
1751 1275 1762 1290 r
1781 1266 1867 1297 711²):1

220 1308 245 1337 Β)
264 1313 349 1334 essent
361 1321 366 1326 ·
380 1309 550 1341 Respondisse
568 1309 663 1341 legitur
681 1308 763 1338 ABL,
783 1309 827 1341 qui
847 1318 866 1333 r.
881 1309 897 1334 l.
921 1309 957 1336 0,·
978 1309 1049 1334 Giles
1120 1307 1146 1340 h)
1164 1310 1239 1334 Tunc
1252 1308 1282 1339 L,
1303 1313 1357 1334 tum
1371 1313 1425 1333 cett.
1496 1307 1514 1340 i)
1534 1309 1634 1333 babilas
1653 1309 1685 1339 A,
1704 1309 1823 1341 babyllas
1837 1309 1869 1341 B,

217 1351 337 1384 babyllas
355 1351 481 1384 (suprasc.
494 1351 523 1384 u)
543 1352 573 1382 L,
592 1352 704 1377 babillus
721 1351 850 1384 (suprasc.
870 1361 885 1377 a
903 1352 952 1384 νηὶ)
975 1352 996 1377 Ο
1077 1351 1103 1383 k)
1122 1353 1250 1377 decolanti
1270 1352 1296 1382 (d
1309 1361 1339 1377 ex
1352 1352 1439 1384 t).*1G
1457 1352 1538 1382 (man.
1553 1351 1614 1383 rec.)
1696 1350 1714 1383 ¹)
1733 1356 1869 1377 truncatus

216 1393 240 1426 (s
253 1395 279 1419 ἰπ
296 1403 308 1419 r
321 1394 370 1424 ⁷72²)
388 1394 413 1418 B
500 1394 532 1426 ¹¹¹)
551 1399 667 1419 sacratus
686 1399 725 1420 est
742 1395 766 1419 B
861 1395 962 1420 Novum
981 1395 1121 1427 capitulum
1140 1395 1255 1420 indicant
1274 1395 1348 1420 codd.
1367 1395 1413 1420 DE
1432 1384 1493 1420 SCb
1514 1395 1627 1420 COSMA
1646 1395 1690 1419 ET
1708 1395 1868 1420 DAMIANO

215 1438 436 1462 MARTYRIBVS
449 1438 474 1462 B
542 1438 566 1469 n)
585 1438 706 1471 spiritalis
719 1437 739 1468 (i
752 1438 779 1462 in
792 1437 857 1469 ras.)
871 1439 896 1462 Β
966 1438 989 1470 0)
1009 1438 1150 1463 archiotros
1169 1438 1195 1469 (o
1209 1439 1236 1463 ἱη
1248 1447 1262 1463 a
1275 1438 1324 1470 πθ)
1347 1437 1368 1462 O
1437 1437 1462 1470 1¹)
1482 1442 1631 1463 caeterorum
1644 1437 1668 1461 L
1738 1438 1763 1469 (1)
1783 1438 1866 1462 hieru-

215 1481 305 1506 solime
324 1481 383 1512 AG,
402 1481 564 1513 hierosolime
583 1481 658 1506 BLO
731 1480 752 1513 ¹²)
772 1481 807 1506 sic
826 1481 877 1506 AG
955 1480 976 1513 S)
994 1482 1128 1514 descyptos
1151 1482 1171 1505 O
1241 1481 1259 1512 t)
1279 1481 1443 1506 laetabundus
1463 1481 1485 1506 G
1556 1481 1581 1513 ¹¹)
1601 1481 1740 1505 dioclitiani
1760 1481 1869 1513 AGLO,

215 1525 359 1549 diocliciani
378 1524 402 1549 B
471 1524 495 1555 v)
514 1525 571 1549 .CC.
591 1524 650 1555 AG,
668 1525 842 1549 ducentesima
861 1524 911 1548 BL
999 1524 1029 1555 w)
1048 1525 1158 1549 cultores
1180 1523 1205 1555 (e
1224 1533 1254 1549 ea:
1273 1524 1293 1557 i)
1312 1525 1336 1548 B
1425 1523 1450 1555 x)
1469 1528 1622 1556 cogerentur
1642 1524 1664 1548 G
1751 1525 1775 1555 y)
1796 1524 1816 1548 h·
1835 1525 1868 1556 A,

215 1568 302 1593 autes:
331 1568 357 1592 in
375 1576 428 1592 ras.
447 1568 496 1598 fuit
514 1576 526 1592 s
544 1567 568 1592 Β
656 1567 677 1598 z)
696 1572 813 1600 apostare
832 1567 960 1599 (supra-sc.
980 1567 1137 1599 alie(ae)nare
1156 1568 1205 1599 m1)
1224 1568 1275 1592 AG
1369 1566 1393 1599 ³)
1413 1567 1438 1591 id
1458 1571 1489 1594 ÷
1508 1567 1640 1600 apostasiae
1659 1566 1797 1591 uolutabra
1817 1567 1867 1591 AG

216 1610 242 1643 b)
261 1611 377 1644 conpulsi
396 1611 430 1642 A,
451 1611 513 1635 iussi
533 1610 658 1643 (euprasc.
672 1609 684 1634 ‘l
700 1611 800 1643 obpulsi
818 1611 868 1642 ⁷11³)
886 1610 911 1635 B
999 1610 1021 1643 c)
1040 1612 1159 1643 praedicto
1178 1609 1222 1644 xpi
1240 1610 1370 1643 (schrasc.
1389 1619 1401 1635 s
1420 1611 1471 1642 νηὶ)
1489 1610 1514 1634 Α
1602 1608 1627 1641 ⁴¹)
1647 1610 1825 1643 pedetemptim
1848 1611 1869 1635 0

217 1654 239 1685 Θ)
261 1654 398 1686 primordia
416 1653 525 1685 (mordia
543 1655 570 1678 in
588 1662 641 1679 ναε,
660 1654 706 1684 ⁷12²,
725 1662 741 1678 a
760 1654 786 1678 in
805 1663 819 1678 o
838 1654 918 1685 corr.)
936 1653 961 1678 B

321 1744 346 1775 1)
365 1742 380 1768 I.
394 1743 410 1768 l.
424 1742 477 1768 III
492 1742 623 1776 Dixitque
642 1742 846 1775 (Numerianus)
860 1743 895 1769 ad
909 1751 984 1769 eum:
1004 1742 1040 1768 Hi
1054 1741 1105 1768 filii
1117 1741 1160 1768 tui
1173 1742 1255 1768 sunt?
1286 1742 1408 1775 Babylas
1420 1742 1576 1776 respondit:
1599 1742 1766 1769 ‘secundum
1779 1743 1868 1769 Deum

217 1793 268 1820 filii
292 1794 346 1819 mei
370 1795 446 1823 sunt;
474 1793 616 1820 mulierem
641 1802 704 1820 vero
727 1802 781 1820 non
800 1793 875 1820 novi'
893 1814 899 1820 .
913 1813 919 1819 .
933 1813 939 1820 .
953 1813 959 1819 .
998 1793 1050 1819 Hic
1070 1792 1157 1819 iratus
1175 1801 1222 1819 rex
1241 1792 1428 1820 Numerianus
1448 1793 1516 1820 data
1534 1794 1673 1820 sententia
1693 1793 1774 1820 iussit
1793 1793 1818 1820 ei
1839 1796 1867 1820 et

217 1845 342 1879 parvulis
355 1845 452 1879 capita
468 1845 617 1879 amputari.
632 1860 664 1864 —
678 1845 796 1877 Rufinus
809 1845 904 1872 Euseb.
917 1845 977 1871 hist.
993 1845 1035 1870 VI
1042 1848 1075 1871 29
1088 1845 1211 1878 Babylas
1225 1865 1230 1871 .
1245 1865 1251 1871 .
1270 1845 1408 1878 gloriosae
1430 1845 1505 1872 vitae
1525 1846 1606 1872 finem
1627 1845 1742 1872 sortitur
1761 1845 1788 1871 in
1809 1845 1866 1871 vin-

217 1897 285 1924 culis
367 1897 394 1929 2)
412 1905 432 1923 c.
448 1897 541 1922 XLII
554 1897 625 1923 Mihi
643 1905 753 1930 quoque
772 1905 872 1930 operae
891 1897 1012 1930 pretium
1032 1896 1149 1927 videtur,
1169 1898 1200 1922 ut
1219 1898 1332 1923 sanctae
1351 1897 1482 1930 Agathae
1500 1906 1622 1924 rumores
1642 1917 1666 1923 ..
1683 1918 1689 1924 .
1709 1899 1866 1930 sequantur.

215 1957 236 1975 c.
253 1948 340 1975 XLV
354 1949 407 1975 Sed
431 1957 532 1982 operae
557 1948 678 1982 pretium
700 1948 818 1980 videtur,
844 1950 875 1974 ut
900 1948 1051 1982 gloriosum
1074 1948 1201 1974 inlustris
1223 1949 1318 1982 Agnae
1345 1948 1487 1982 exemplar
1510 1968 1517 1975 .
1531 1969 1556 1975 ..
1585 1948 1700 1974 minime
1725 1949 1814 1975 lateat
1834 1964 1865 1968 —-

216 2001 243 2034 5)
267 2009 347 2027 carm.
366 2009 386 2027 r.
404 2004 573 2027 1071—1122.
592 2016 625 2019 —
644 2000 693 2026 Ea:
714 2001 782 2034 ipsis
806 2000 912 2026 rostatis
931 2000 1007 2026 Actis
1027 1999 1125 2025 Cosmae
1153 2003 1175 2025 ει
1198 2000 1335 2026 Damiani
1361 2008 1412 2026 sua
1440 2000 1558 2026 hausisse
1576 1999 1743 2026 :lldhelmmn
1770 2008 1802 2026 ez*
1830 2001 1867 2026 eis

216 2055 341 2086 amiciret,
365 2061 433 2085 quac
455 2052 527 2078 edita
550 2055 615 2077 sunt
639 2052 666 2077 in
685 2052 763 2078 Actis
781 2052 941 2078 &melorum
960 2051 1028 2085 Sept.
1045 2051 1104 2077 VII
1119 2055 1245 2084 469sq11.;
1271 2052 1385 2077 „mxime
1409 2055 1495 2078 nutem
1518 2052 1699 2084 consentiunt,
1724 2060 1792 2084 qnae
1812 2051 1866 2077 illic

216 2107 295 2130 ancta
313 2104 437 2138 lemanem·
452 2112 479 2137 p.
495 2107 544 2130 473
554 2112 599 2137 sq„
619 2112 686 2137 quac
704 2106 790 2129 tamen
808 2111 863 2129 oum
881 2111 913 2129 ea:
929 2103 1068 2129 Aldhelmo
1086 2103 1195 2135 flavisse
1212 2103 1395 2129 demonstrant
1414 2103 1452 2129 rel
1471 2103 1581 2129 ›zomina
1599 2103 1714 2129 civitatis
1731 2105 1754 2128 rt
1773 2104 1865 2129 matris

217 2156 272 2182 illic
289 2155 430 2182 exstantia.
461 2155 507 2181 Ex
525 2155 570 2187 eis,
590 2163 657 2188 quac
669 2155 841 2181 Mombritius
853 2155 932 2181 edidit
951 2155 998 2189 (cf.
1011 2155 1027 2182 ἶ.
1041 2154 1057 2181 l.
1070 2163 1095 2187 p.
1108 2157 1177 2188 422),
1195 2155 1387 2181 Alcllzelmiana
1405 2163 1461 2181 non
1478 2163 1532 2181 csse
1550 2155 1695 2188 composita
1710 2155 1777 2187 inde,
1795 2155 1866 2188 quod

215 2207 321 2240 desunt,
349 2215 418 2240 quae
440 2207 531 2240 posuit
558 2207 637 2233 initio
659 2206 819 2239 Aldlzelmzcs,
847 2206 999 2233 declaratur
1093 2207 1120 2239 4)
1148 2207 1217 2232 Acta
1244 2207 1322 2232 tertia
1345 2207 1414 2239 (AS.
1434 2207 1503 2240 Sept.
1520 2207 1578 2232 VII
1596 2208 1656 2239 473)
1682 2206 1865 2240 Temporibus

216 2259 385 2286 Diocletiani
404 2262 433 2286 et
451 2258 615 2286 Maximiani
634 2261 694 2286 erat
713 2259 849 2292 quaedam
874 2259 973 2285 mulier
996 2258 1023 2285 in
1048 2258 1166 2285 civitate
1185 2258 1255 2293 Egia
1274 2259 1381 2293 (Aegis)
1402 2258 1569 2285 venerabilis
1592 2267 1624 2285 ac
1648 2258 1750 2285 timens
1769 2258 1865 2291 Deum,

214 2310 324 2338 nomine
343 2311 493 2337 Theodote.
531 2310 606 2337 Haec
625 2331 631 2337 .
646 2331 651 2337 .
665 2331 671 2337 .
691 2313 802 2337 sanctos
821 2311 944 2345 geminos
969 2312 1066 2337 fratres
1086 2310 1213 2337 Cosmam
1237 2312 1265 2337 et
1284 2310 1450 2337 Damianum
1476 2310 1557 2337 enixa
1580 2312 1620 2336 est
1641 2310 1688 2343 (cs.
1711 2310 1784 2336 Orici.
1805 2313 1864 2337 met.

216 2363 265 2389 XI
279 2366 325 2390 316
344 2364 386 2390 est
403 2362 485 2390 enixa
503 2362 656 2397 gemellos).
694 2362 770 2392 Quae
790 2371 851 2389 cum
871 2371 916 2389 eos
935 2362 1069 2389 nutrisset
1088 2364 1116 2388 et.
1135 2362 1238 2389 litteris
1257 2362 1446 2394 instruxisset,
1468 2362 1623 2389 medicinae
1642 2364 1702 2389 arte
1721 2370 1738 2388 a
1757 2361 1864 2396 Spiritu

215 2415 311 2440 sancto
326 2414 417 2440 edocti
436 2416 509 2446 sunt,
529 2422 624 2441 curare
643 2414 792 2441 secundnm
807 2414 983 2448 evangelium
997 2423 1104 2440 omnem
1118 2413 1306 2449 egritudinem
1320 2416 1348 2441 et
1364 2423 1474 2440 omnem
1489 2413 1689 2444 infirmitatem,
1709 2422 1763 2440 non
1776 2414 1863 2439 solum

215 2465 243 2491 in
262 2465 432 2497 hominibus,
451 2465 499 2492 sed
518 2465 603 2492 etiam
622 2465 650 2492 in
670 2464 813 2497 iumentis,
834 2467 865 2492 ut
883 2465 1047 2499 impleretur
1065 2474 1153 2492 sermo
1171 2465 1366 2499 propheticus:
1394 2465 1525 2493 Homines
1544 2467 1571 2492 et
1591 2465 1715 2492 iumenta
1733 2465 1864 2497 salvabis,

215 2516 333 2543 domine.
369 2517 514 2544 Passiones
533 2526 608 2549 vero,
633 2526 702 2551 quas
721 2517 865 2548 curabant,
884 2517 937 2543 hae
957 2519 1048 2543 erant:
1079 2516 1155 2543 Cecis
1175 2517 1263 2543 visum
1284 2517 1313 2543 in
1332 2516 1444 2543 nomine
1465 2517 1525 2543 Iesu
1545 2516 1649 2543 Christi
1668 2516 1863 2547 restituebant,

215 2568 321 2594 claudis
342 2577 477 2603 gressum,
501 2568 591 2595 surdis
609 2568 747 2601 auditum,
774 2569 879 2595 mancis
902 2569 1142 2595 restaurationem.
1179 2568 1300 2602 Spiritus
1324 2568 1481 2595 immundos
1500 2568 1675 2602 repellebant
1693 2577 1725 2594 ex
1744 2568 1863 2595 obsessis

215 2619 376 2653 corporibus
395 2621 423 2646 et
435 2628 543 2647 omnem
562 2620 775 2647 amaritudinem
794 2620 901 2654 corpori
920 2620 1041 2647 humano
1060 2620 1246 2647 detrahebant
1265 2629 1314 2654 per
1333 2620 1457 2655 gratiam
1471 2620 1609 2647 celestem.
1640 2619 1714 2646 Haec
1728 2620 1862 2646 facientes

213 2680 230 2697 a
250 2671 326 2697 nullo
345 2673 403 2697 tam
422 2670 509 2697 divite
528 2679 610 2704 quam
630 2680 752 2706 paupere
770 2671 878 2705 aliquid
898 2672 1084 2706 accipiebant,
1103 2672 1266 2698 mandatum
1286 2671 1434 2699 salvatoris
1454 2671 1655 2698 custodientes:
1675 2671 1769 2698 Gratis
1788 2679 1862 2697 accc-

214 2722 304 2756 pistis,
324 2722 412 2756 gratis
431 2722 504 2749 date.
535 2723 559 2748 2.
578 2722 616 2749 Eo
636 2725 760 2757 tempore
780 2723 856 2750 facta
875 2725 917 2750 est
935 2724 1091 2757 persecutio
1111 2724 1332 2751 Christianorum
1353 2723 1380 2750 in
1401 2723 1516 2750 civitate
1536 2724 1619 2757 Egeo.
1651 2723 1752 2750 Sedens
1766 2723 1862 2755 itaque

214 2782 263 2807 pro
285 2773 418 2800 tribunali
438 2773 512 2800 Lisia
531 2773 640 2800 audivit
660 2774 747 2801 vitam
766 2774 989 2802 beatissimorum
1009 2776 1162 2808 martyrum
1181 2775 1295 2802 Cosmae
1315 2776 1343 2801 et
1362 2774 1490 2801 Damiani
1510 2784 1529 2801 e.
1542 2783 1564 2807 q.
1579 2783 1598 2800 s.

1607 2826 1655 2851 352³-
