2022 3057
893 144 1108 172 PRAEFATIO.

1803 157 1819 184 xl

352 243 363 260 τι
410 228 556 261 Candida
580 229 722 260 celorum
746 230 915 261 recludens
939 241 1038 271 regna
1063 232 1211 272 tonantis,

410 280 572 312 Maximus
596 284 628 311 et
651 280 764 312 doctor
786 282 896 322 patulo
921 282 1080 313 vocitatus
1104 283 1143 313 ab
1167 293 1239 323 axo,

409 331 584 363 Vascolum
599 331 635 372 (l.
650 332 818 372 Vasclum)
836 332 974 364 Nazorei
990 333 1075 374 quod
1092 333 1129 372 (l.
1145 335 1214 375 qui)
1230 338 1335 376 gestat
1349 337 1491 367 nominat
1508 337 1545 375 (Ι.
1562 339 1705 379 nomina)
1723 346 1822 370 natus.

412 383 505 414 Hanc
531 383 660 414 domum
686 387 797 414 eterno
822 384 978 415 vallantes
1001 385 1068 415 iuro
1093 385 1202 416 tuendi

415 434 558 466 Vocibus
582 435 718 466 assiduis
741 445 835 466 aures
858 436 992 477 prebete
1017 436 1182 477 benignaS,

339 500 364 518 ιο
409 485 507 517 Sacra
530 485 773 527 frequentantes
797 487 890 518 aulae
915 487 968 528 qui
992 487 1103 518 limina
1126 488 1274 518 lustrant!

171 554 233 594 Qui
248 556 424 594 sequuntur
438 564 547 585 versus
561 554 732 591 duodecim,
755 554 877 586 nullam
893 555 1052 586 Aldhelmi
1069 556 1274 587 imitationem
1289 568 1366 596 prae
1381 568 1412 588 se
1433 558 1557 598 ferunt,
1581 559 1634 590 sed
1649 559 1825 590 describunt

168 605 316 645 templum
339 605 437 645 vir-qis
457 606 542 636 varii
565 605 676 637 coloris
698 609 845 637 ornatum
854 617 864 643 ‚·
893 617 1018 637 carmen
1044 607 1210 646 insequens
1237 608 1437 647 (inscribitur
1456 609 1602 640 similiter
1625 620 1662 640 ac
1685 611 1825 650 primum

167 656 216 688 IN
232 656 440 689 BASILICA
457 657 603 688 BEATE
620 656 763 698 MARIE
787 657 895 697 SEMp
912 657 1128 696 VIRGINIS)
1153 672 1192 686 Ξ
1216 659 1306 698 (ΙΙΙ)
1330 662 1450 690 constat
1473 671 1511 691 ea:
1526 661 1662 692 versibus
1678 661 1773 693 Abire.
1786 662 1826 693 II

167 707 239 748 (IX
252 708 286 749 I)
310 709 404 748 1-1-2.
428 709 522 739 4-8.
549 708 685 746 10-12,
709 702 823 748 quibus
847 711 881 739 ut
905 709 1017 740 desunt
1043 710 1177 747 13—31,
1201 710 1247 741 ita
1271 711 1432 742 subiuncti
1453 714 1528 742 sunt
1551 712 1585 743 hi
1608 713 1685 743 duo:

410 767 473 799 Hie
498 779 626 810 quoque
650 769 837 810 apostolicis
861 769 1001 800 ditantur
1024 769 1146 811 templa
1169 770 1348 811 triuinphi8‚

410 819 481 856 Qua
505 819 631 861 fulgent
654 831 709 851 are
733 820 782 851 bis
806 831 883 851 seno
907 821 1034 852 nomine
1060 831 1149 852 sacre
1173 834 1212 849 =
1236 821 1331 852 Ac'dh.
1350 822 1411 853 ΙΙΙ
1429 822 1554 863 (VIII)
1576 825 1628 854 40.

171 882 307 915 Carmen
329 887 481 923 quartum
504 884 604 923 (IX),
636 885 720 924 quod
745 885 815 915 item
838 885 903 922 fere
927 895 964 915 m:
986 885 1156 916 secundum
1178 886 1377 923 inscribitur,
1401 886 1440 917 ab
1463 887 1508 917 eis
1532 887 1669 919 versibus
1691 889 1824 926 orditur,

166 944 243 974 quos
267 935 300 965 in
322 935 528 967 adnotatione
550 936 662 966 critica
685 935 843 975 adscripsi
865 936 908 966 ad
930 947 955 966 c.
973 936 994 967 I
1004 936 1067 966 1'1.

271 989 314 1022 1η
337 1001 370 1022 eo
394 991 502 1031 mitur,
527 991 582 1030 qui
597 994 728 1030 praesto
752 994 821 1022 erat
836 1002 983 1022 versuum
1006 991 1117 1022 horum
1141 992 1279 1023 omnium
1303 993 1427 1023 auctori
1448 994 1511 1024 sive
1534 995 1701 1033 repctitori,
1724 996 1825 1027 codice

169 1040 252 1072 lecta
275 1052 340 1072 esse
362 1043 507 1073 carmina
524 1042 552 1073 I.
577 1042 626 1074 11.
650 1043 712 1074 ΙΙΙ
734 1061 773 1065 -
797 1042 853 1074 hoc
867 1053 943 1074 sane
959 1043 1069 1074 ordine
1092 1061 1131 1065 —
1156 1054 1194 1074 ec
1217 1044 1295 1082 ipsis
1313 1044 1449 1075 versibus
1469 1045 1550 1076 satis
1572 1045 1654 1077 clare
1676 1048 1824 1085 efficitur,

168 1103 300 1138 cumque
323 1093 367 1124 ad
388 1093 514 1125 verbum
533 1093 604 1134 fere
625 1104 733 1124 versus
757 1094 818 1133 ipsi
840 1095 964 1133 repetiti
986 1095 1064 1131 sint,
1093 1094 1182 1125 haud
1203 1095 1412 1134 spernendum
1441 1097 1536 1127 etiam
1569 1098 1613 1128 ad
1640 1098 1731 1129 vrerba
1755 1099 1825 1139 ipsa

166 1145 363 1176 restituenda
392 1145 428 1176 in
457 1145 562 1176 codice
584 1145 616 1176 A
642 1146 730 1176 nacti
756 1155 867 1177 sumus
895 1145 1135 1177 adminiculum.
1194 1146 1346 1178 Similiter
1376 1150 1481 1178 autem
1511 1151 1621 1179 auctor
1649 1151 1825 1181 carminum

166 1196 442 1236 Andeyavensium
469 1195 629 1227 Aldhelme?
658 1207 767 1228 versus
800 1197 833 1228 in
865 1208 960 1228 suum
988 1208 1080 1228 usum
1109 1208 1166 1228 suo
1194 1198 1326 1229 arbitrio
1357 1199 1518 1237 convertit,
1549 1203 1643 1239 atque
1674 1200 1825 1233 librarius

170 1247 364 1279 Corbeiensis
391 1248 508 1279 codicis
534 1248 571 1279 de
597 1248 780 1288 virginitate
803 1250 859 1288 (=
883 1249 1008 1288 Petrop.
1031 1249 1069 1280 F.
1096 1249 1192 1287 XIX,
1211 1250 1245 1287 1)
1276 1260 1383 1281 versus
1406 1250 1563 1281 Aldhclmc'
1593 1262 1663 1283 cum
1693 1253 1761 1283 suis
1786 1272 1822 1276 —

173 1308 196 1329 e.
211 1308 240 1338 9.
256 1299 441 1337 conferatur
463 1298 549 1330 locus
573 1299 612 1330 de
633 1302 742 1331 sancto
760 1300 900 1331 Antonio
918 1301 1004 1342 pauli
1022 1300 1177 1342 discipulo
1200 1303 1240 1340 (v.
1260 1302 1320 1332 754
1334 1303 1413 1342 sqq.)
1438 1320 1477 1324 —-
1502 1303 1712 1341 commiscuit,·
1738 1305 1823 1336 item-

174 1360 234 1389 que
253 1349 399 1382 similiter
421 1351 456 1382 in
479 1351 580 1382 codice
595 1351 787 1391 Phillippico
803 1351 1006 1384 Beroiinensi
1028 1352 1072 1383 ad
1091 1353 1231 1391 primum
1253 1353 1397 1392 aeniyma
1413 1353 1559 1391 Sims‘osii
1575 1353 1740 1386 librarium
1763 1359 1825 1387 tres

170 1411 278 1433 versus
300 1411 394 1433 novos
416 1402 453 1433 de
475 1412 532 1434 suo
555 1403 716 1434 addidisse
738 1404 887 1436 videmus.
933 1404 996 1435 Sed
1018 1403 1180 1435 declarant
1202 1404 1298 1435 simul
1319 1415 1427 1435 rersus
1452 1404 1506 1442 illi,
1531 1406 1626 1437 etiam
1649 1406 1722 1437 haec
1744 1407 1823 1438 Ald-

168 1452 262 1484 helmi
279 1454 424 1484 carmina
439 1453 514 1485 aliis
529 1455 794 1494 versificatoribus
816 1456 916 1493 fuisse
938 1455 1074 1495 eoeemplo
1097 1458 1126 1486 et
1147 1455 1270 1486 aemilio
1294 1456 1337 1486 ad
1351 1457 1494 1487 carmina
1517 1467 1576 1488 sua
1599 1457 1674 1488 (diis
1690 1459 1824 1496 sortasse

166 1504 299 1536 aedibus
321 1507 349 1536 et
369 1504 444 1536 aliis
467 1505 576 1537 diebus
590 1506 680 1545 festis
695 1507 855 1538 destinata
865 1507 1045 1547 panyenda,
1068 1507 1152 1547 quod
1169 1507 1246 1538 idem
1263 1508 1308 1538 eis
1323 1509 1517 1539 carminibus
1533 1509 1722 1547 declaratur,
1746 1521 1824 1549 quae

165 1556 201 1587 in
223 1556 289 1588 cod.
305 1556 458 1588 Parisino
481 1557 567 1588 9347
593 1557 666 1588 olim
690 1557 837 1590 Remensi
863 1569 887 1590 s.
905 1559 960 1590 IX
981 1561 1024 1598 (et
1047 1558 1110 1590 cod.
1129 1558 1236 1589 Paris.
1257 1560 1344 1589 2773
1365 1570 1389 1590 s.
1407 1559 1453 1599 X)
1483 1559 1630 1599 loquutur
1651 1561 1824 1592 secundum

165 1606 326 1639 Aldhelmi
349 1618 373 1639 c.
391 1608 488 1640 HI]
511 1608 584 1648 (IX
596 1609 632 1649 2)
656 1612 685 1640 et
707 1610 805 1641 1113
828 1610 947 1650 (1X4)
971 1610 1140 1649 composita
1163 1610 1201 1649 cf.
1226 1613 1384 1642 comment.
1409 1611 1452 1641 ad
1473 1611 1502 1642 h.
1523 1611 1542 1641 l.

271 1667 445 1699 Alterum
469 1678 594 1700 carmen
617 1669 661 1700 ad
682 1669 814 1701 Mariae
839 1670 984 1710 Viryinis
1008 1670 1166 1701 ecelesiam
1187 1671 1327 1710 pertinet
1354 1681 1410 1701 nec
1433 1671 1539 1702 dubito
1563 1672 1716 1711 equidem,
1747 1673 1824 1712 quin

167 1719 263 1750 etiam
292 1719 347 1751 hoc
369 1738 411 1742 —
434 1721 579 1760 quamvis
601 1721 789 1752 testimoniis
809 1722 941 1761 probari
963 1732 1026 1753 non
1044 1723 1147 1761 possit
1170 1741 1210 1745 —
1234 1723 1396 1762 scripserit
1419 1722 1603 1754 Aldlzelmus
1633 1723 1670 1754 de
1697 1723 1823 1755 ecclesia

166 1770 280 1811 aliqua
302 1781 372 1802 sua.
407 1771 534 1803 Narrat
554 1773 637 1803 enim
658 1772 833 1804 I‘Villclmus
857 1774 909 1813 (de
929 1776 1002 1813 qest.
1021 1776 1110 1813 pont.
1136 1773 1238 1804 V216
1254 1784 1289 1813 p.
1303 1775 1367 1804 361
1383 1774 1431 1814 H)
1455 1774 1492 1805 de
1515 1775 1824 1814 maynifieentissima

166 1824 196 1853 et
219 1822 425 1861 celeberrima,
449 1833 530 1863 quae
545 1834 602 1856 suo
618 1825 713 1856 etiam
735 1835 808 1856 aevo
824 1825 948 1856 illibata
965 1826 1092 1863 steterit,
1116 1825 1276 1856 Aldhelmi
1298 1825 1423 1856 ecclesia
1447 1825 1641 1857 inhonorem
1661 1827 1824 1866 qenetricis

165 1872 230 1905 Dei
252 1874 384 1906 Mariae
406 1876 504 1913 facta,
528 1886 624 1915 quam
640 1879 715 1916 post
738 1876 829 1908 Petri
850 1879 879 1908 et
902 1877 999 1908 Pauli
1022 1876 1180 1908 ecclesiam
1202 1877 1395 1915 aedificavit,
1422 1877 1476 1908 sed
1498 1880 1666 1917 autequam
1690 1877 1823 1909 Romam

165 1925 266 1957 abiret
289 1925 347 1967 (cf.
372 1926 416 1957 ad
437 1926 581 1958 chartam
604 1928 628 1958 I
632 1927 671 1965 V)
694 1928 716 1959 i.
733 1939 758 1959 e.
782 1929 868 1959 circa
890 1938 1012 1960 annum
1039 1929 1111 1960 685.
1161 1927 1296 1959 Carmen
1317 1931 1423 1958 autem
1446 1928 1501 1959 hoc
1523 1929 1691 1959 cavendum
1719 1931 1763 1959 est
1786 1939 1823 1960 ne

165 1976 209 2007 ad
239 1976 322 2008 idem
344 1977 526 2016 aedificium
549 1978 721 2018 referatur,
749 1980 833 2019 quod
859 1980 893 2011 in
916 1980 1056 2011 carmine
1078 1979 1142 2010 III
1163 1979 1349 2010 describitur
1372 1980 1392 2009 i.
1409 1990 1433 2012 e.
1450 1980 1494 2010 ad
1514 1979 1645 2019 Buyyae
1667 1980 1822 2019 templum,

167 2028 319 2067 quoniam
341 2028 377 2059 in
401 2039 425 2059 c.
443 2029 486 2060 II
505 2040 544 2061 ne
561 2029 718 2061 levissima
734 2031 859 2070 quidem
874 2031 1006 2071 Brumae
1029 2031 1142 2071 Ieyitur
1156 2031 1354 2071 siqnifi'catio,
1378 2042 1433 2062 nec
1456 2032 1562 2062 minus
1576 2031 1747 2062 cavendum
1769 2035 1822 2069 est,

164 2090 205 2110 ne
231 2079 274 2110 ad
302 2079 385 2111 <idem
415 2080 496 2112 illud
518 2082 701 2119 reserantur
727 2093 763 2113 ea
791 2093 872 2122 quae
894 2086 1070 2122 sequuntur
1092 2083 1236 2114 earmina
1260 2083 1297 2113 de
1322 2083 1398 2114 XII
1419 2083 1496 2114 aris.
1545 2083 1615 2122 Qua
1640 2083 1673 2113 in
1696 2093 1729 2113 re
1751 2083 1824 2113 inde

166 2130 206 2161 ab
222 2130 342 2170 Anyelo
358 2131 451 2163 Maio
473 2142 529 2162 seu
545 2133 657 2171 potius
682 2133 745 2164 iam
768 2133 842 2164 inde
864 2144 885 2164 a
901 2134 1078 2164 carminum
1094 2133 1208 2165 codicis
1223 2133 1458 2173 Andeqavensis
1473 2136 1599 2165 auctore
1622 2133 1714 2164 mulli
1736 2144 1823 2164 erra-

166 2185 287 2221 ver,unt
311 2184 461 2223 quoniam
484 2184 520 2214 in
542 2184 598 2215 hoc
615 2186 755 2216 carmine
778 2186 813 2216 in
827 2185 959 2217 Blariae
983 2185 1126 2217 ecclesiae
1141 2185 1368 2216 dedicationem
1391 2185 1556 2224 composito
1579 2195 1650 2216 aras
1674 2185 1722 2216 bis
1745 2195 1822 2215 seno

165 2235 295 2266 nomine
312 2244 419 2266 sacras
435 2239 476 2275 (v.
491 2236 548 2274 40)
568 2235 693 2278 fulgere
710 2237 857 2277 Ieyebant.
896 2237 960 2269 Sed
980 2247 1044 2269 non
1067 2237 1104 2268 de
1126 2247 1195 2268 ara
1218 2237 1253 2267 in
1268 2239 1374 2268 nostro
1390 2237 1537 2274 carmine,
1557 2237 1612 2268 sed
1633 2237 1670 2267 de
1692 2235 1823 2275 templo

166 2285 296 2323 dicitum
321 2289 350 2317 et
371 2296 429 2318 suo
452 2287 523 2318 iure
546 2287 611 2319 iam
636 2289 668 2320 in
692 2289 822 2329 cyr-eyia,
845 2299 942 2328 quam
964 2289 1001 2320 de
1023 2288 1074 2319 his
1093 2288 1288 2320 carminibus
1311 2288 1389 2319 libro
1411 2299 1468 2319 suo
1491 2289 1528 2319 de
1545 2288 1700 2328 poematis
1725 2288 1821 2319 Caro-

165 2336 291 2377 Zinyicis
317 2337 467 2376 inseruit,
495 2339 771 2379 disputatiuncula
795 2344 841 2380 (p.
857 2342 914 2381 45)
937 2340 974 2371 L.
1001 2340 1124 2372 Traube
1150 2341 1285 2378 monuit,
1314 2340 1347 2370 in
1372 2350 1396 2371 c.
1414 2340 1478 2371 III
1501 2339 1622 2380 (VIII)
1646 2341 1686 2369 41
1717 2341 1822 2378 aperte

165 2388 244 2426 dici,
274 2389 310 2419 in
332 2388 389 2420 illa
411 2389 540 2421 ecclesia
571 2391 686 2430 apsida
712 2391 866 2424 Mariae
890 2391 996 2434 fuisse
1024 2394 1248 2429 consecratam,
1280 2402 1350 2422 cumv
1378 2391 1459 2428 eius,
1490 2391 1526 2422 in
1552 2401 1616 2430 qua
1643 2389 1719 2421 XII
1745 2400 1821 2420 arae

166 2442 258 2471 erant
281 2441 477 2479 constitutae,
501 2441 648 2474 ecclesiae
670 2443 785 2483 apsida
808 2443 946 2475 Petrus
968 2443 1169 2475 ‘eororam-eff.

271 2534 288 2560 5
307 2536 407 2560 tonanti
420 2536 445 2560 A
551 2536 567 2561 6
585 2538 707 2563 vicitatur
720 2539 744 2563 A
850 2548 872 2564 v.
886 2538 900 2564 7
921 2539 1039 2564 alludere
1052 2539 1152 2563 videtur
1169 2538 1205 2562 ad
1224 2538 1258 2568 id,
1276 2538 1344 2569 quod
1363 2537 1447 2562 Paulo
1466 2545 1541 2569 stupe
1560 2536 1666 2560 additur
1685 2545 1820 2567 coquorum

165 2585 211 2601 vas
229 2577 373 2609 electionis;
397 2578 464 2604 idem
487 2579 588 2604 videtur
613 2589 665 2606 esee
691 2590 733 2606 ac:
761 2583 804 2614 qui
823 2583 988 2607 Christianus
1013 2583 1095 2607 factus
1118 2589 1164 2606 vas
1183 2581 1277 2605 Christi
1303 2580 1348 2613 (cf.
1368 2589 1413 2605 vas
1436 2580 1578 2611 electionis)
1603 2579 1748 2603 nominatus
1774 2583 1818 2603 est.

165 2618 183 2644 8
201 2620 321 2645 valantes
334 2621 358 2644 A
466 2621 498 2647 10
515 2631 563 2648 ave
582 2624 606 2648 A

271 2705 287 2731 5
307 2716 338 2726 =
358 2704 418 2731 ibid·
438 2713 460 2732 v,
476 2709 491 2732 7
606 2707 622 2733 6
640 2719 672 2730 =
691 2708 753 2734 ibid.
774 2712 840 2734 ,212
955 2709 971 2735 9
995 2720 1026 2730 =
1050 2708 1111 2734 ibid.
1132 2711 1199 2733 1:115
1228 2707 1351 2734 Vocibus
1374 2708 1500 2733 orantum
1526 2714 1595 2731 uunc
1620 2713 1698 2730 aures
1724 2702 1813 2737 pande

166 2754 302 2789 benignas
408 2756 441 2783 10
459 2768 492 2779 =
510 2757 572 2784 ibid.
592 2767 613 2785 c.
628 2763 659 2786 18
