2022 3057
659 116 707 143 DE
726 116 815 143 VITA
835 117 1024 145 ALDHELMI
1044 119 1089 146 ΕΤ
1108 119 1276 149 SCRIPTIS.
1730 129 1791 155 XIX

135 201 243 241 potuit
257 200 444 233 Aldhelmus
465 211 564 242 quam
587 202 653 242 reqi
666 201 800 244 Alfredo
815 203 1002 236 Adamnani
1021 206 1129 244 amico,
1154 207 1198 238 ad
1219 218 1308 247 quem
1324 209 1414 240 Beda
1430 220 1553 242 carmen
1573 213 1610 244 de
1629 213 1793 246 Cuthberto

140 253 235 292 misit,
259 253 316 292 qui
331 252 385 292 (cf.
401 252 444 284 ad
460 253 548 294 epist.
563 255 626 285 not.
639 255 673 290 1)
689 254 778 295 apud
794 254 950 287 Hibernos
964 257 1107 288 eruditus
1122 258 1172 288 vir
1187 262 1254 290 erat
1270 259 1474 299 doctissimus,
1491 273 1579 302 quem
1595 265 1636 304 (p.
1651 267 1723 303 201,
1735 269 1792 305 2:⁷1)

141 305 203 337 hoo
227 304 417 347 opuseulum
435 330 441 336 .
460 308 570 337 contra
594 315 706 337 omnes
729 307 930 338 aemulorum
947 326 983 330 —
1003 308 1024 340 i.
1038 319 1062 340 e.
1079 308 1293 341 Scottieorum
1310 312 1480 344 sciolorum
1499 315 1585 355 epist
1603 316 1644 345 ad
1659 315 1791 357 Ehfrid.

95 396 99 400 .
135 366 170 396 p.
187 356 260 394 493,
277 357 319 388 12
341 376 383 380 -
407 356 588 398 catapultas
616 359 649 388 et
671 360 832 389 venenata
855 359 1056 399 garrulorum
1079 360 1198 401 iacula,
1227 372 1310 403 quae
1335 362 1374 393 de
1399 363 1518 395 faretra
1541 365 1662 407 obliqui
1686 368 1793 399 livoris

140 408 332 450 plerumque
356 408 542 451 intorquere
565 409 720 449 nituntur,
747 409 991 451 inexpugnabili
1014 415 1190 444 metrorum
1213 414 1301 454 pelta
1325 417 1357 445 et
1379 417 1657 456 grammaticorum
1682 429 1792 459 parma

140 462 360 502 protecturum
384 469 449 491 esse
471 459 630 499 sperabat,
663 460 805 500 laetoque
830 462 937 493 animo
954 463 1095 503 primum
1118 474 1151 494 se
1173 463 1326 496 hominem
1353 466 1559 499 Germanicae
1579 470 1678 508 qentis
1701 470 1792 501 talem

140 511 256 543 librum
278 521 310 543 se
333 511 535 551 composuisse
558 512 587 543 ei
606 512 773 552 profitetur
786 513 819 552 ²).
865 513 909 544 In
931 513 986 545 lzoc
1007 524 1078 546 vero
1101 515 1176 546 libri
1197 515 1293 547 huius
1318 517 1493 557 sinqularis
1514 520 1667 558 quaedam
1685 523 1792 560 posita

138 565 185 594 est
206 563 390 601 auctoritas,
413 562 496 603 quod
517 563 645 595 omnino
661 563 791 605 primus
812 567 857 596 est
879 565 922 596 ad
943 574 992 597 res
1015 565 1215 598 scholasticas
1232 568 1403 609 pertinens,
1426 570 1482 609 qui
1504 571 1543 601 ab
1566 570 1687 603 homine
1713 574 1792 603 Gir-

139 625 232 646 mano
253 616 299 646 est
320 615 523 654 conscriptus.

242 665 335 698 Libri
361 668 465 698 autem
487 667 569 705 eius,
599 667 656 707 qui
677 667 822 699 doctrina
843 668 1055 709 undecumque
1086 671 1262 710 conquisita
1293 672 1517 710 refertissimus
1543 677 1600 711 est,
1625 677 1734 714 partes
1755 686 1793 707 ea:

134 718 280 759 fontibus
310 718 446 750 maxime
474 719 576 751 variis
602 721 679 750 sunt
707 720 873 760 inriqatae.
922 721 1009 761 Quae
1035 721 1072 753 de
1099 723 1275 763 septenario
1296 733 1425 755 numero
1448 725 1580 765 colleqit,
1610 736 1655 763 ea,
1679 727 1736 758 etsi
1757 728 1792 757 in

137 769 257 801 Isidori
279 770 359 802 libro
380 780 583 803 numerorum
606 770 660 811 (V
674 772 737 802 179
748 781 812 811 sqq.
836 771 962 813 Miqne)
989 773 1144 805 nonnulla
1172 775 1363 812 inveniebat,
1391 786 1471 815 quae
1493 777 1660 815 acthiberet,
1689 780 1791 809 tamen

137 822 205 861 ipse
231 822 457 862 conquisivisse
483 822 621 854 videtur:
646 823 725 862 plus
753 821 817 855 uno
846 823 907 855 loco
936 824 976 855 ab
1007 824 1130 856 Isidoro
1159 825 1362 857 abhorrentia
1393 827 1488 866 affert
1515 828 1571 867 (ef.
1601 829 1644 859 ad
1673 830 1722 867 71,
1740 831 1789 861 17.

137 873 188 911 72,
205 873 258 914 1),·
279 873 400 905 duobus
423 873 498 905 locis
520 884 565 912 ea,
588 884 667 914 quae
690 874 733 906 ad
754 885 813 906 sua
836 876 941 913 fusius
963 876 1151 917 explicanda
1174 877 1358 909 Aldlzelmus
1380 879 1516 916 disserit,
1539 890 1577 910 ex
1599 880 1791 921 Hieronymo

136 925 322 964 desumpsit,
354 935 445 965 quem
472 926 638 966 diliyenter
659 928 689 957 et
717 927 794 958 bono
823 937 892 958 cum
918 936 979 958 usu
1002 928 1083 967 leqit.
1133 927 1272 960 Ceteram
1296 931 1418 968 partem
1442 931 1581 969 primam
1611 935 1638 962 et
1666 935 1789 973 partem

136 976 263 1008 tertiam
285 977 422 1009 maxime
445 987 483 1008 ex
502 977 638 1009 metricis
654 977 817 1016 Romanis,
840 988 916 1018 quos
937 989 1001 1010 non
1022 979 1174 1017 nominat,
1197 982 1361 1011 mutuatus
1383 983 1428 1011 est
1443 981 1636 1019 Atdlietmus,
1658 984 1790 1022 fortasse

135 1028 230 1060 etiam
260 1029 397 1067 formam
429 1028 560 1069 dialoqi,
591 1029 736 1068 quamvis
757 1029 800 1060 ad
821 1030 1006 1070 Auyustini,
1036 1030 1168 1068 Isidori,
1197 1031 1302 1062 Iunili
1324 1032 1369 1071 (p.
1386 1034 1442 1073 81)
1465 1034 1638 1072 exemplum
1667 1034 1791 1066 lectores

135 1080 264 1120 relega,-
287 1082 365 1112 certe
388 1080 435 1111 vel
457 1081 562 1120 ipsum
577 1079 693 1121 dialoyi
717 1081 843 1112 initiam
864 1092 903 1113 ecc
918 1081 1061 1113 Audacis
1076 1083 1228 1122 excerptis
1246 1093 1305 1124 per
1320 1083 1591 1123 interroqationem
1615 1088 1643 1116 et
1665 1095 1790 1125 respon-

134 1132 254 1163 sionem
276 1133 323 1163 ita
346 1132 542 1173 desumptum
564 1135 610 1164 est
631 1133 677 1173 (p.
695 1132 745 1171 82,
763 1135 806 1174 6),
829 1136 866 1164 ut
887 1133 923 1165 in
938 1134 1100 1165 Aldlzelmi
1117 1137 1261 1166 contextu
1277 1145 1395 1174 parum
1415 1137 1493 1166 recte
1511 1138 1640 1174 constet;
1661 1137 1715 1168 sed
1735 1137 1790 1169 hoc

134 1184 269 1222 novavit,
289 1185 325 1215 ut
347 1183 466 1215 Iunilii
487 1183 625 1224 exemplo
646 1185 790 1224 quamvis
812 1185 935 1217 inverso
958 1185 1066 1217 ordine
1084 1185 1216 1217 Graecis
1238 1185 1352 1218 litteris
1375 1192 1405 1218 Δ
1428 1189 1455 1217 et
1477 1191 1509 1222 ><
1530 1188 1573 1229 (p.
1591 1189 1641 1226 81,
1660 1189 1700 1219 17
1708 1191 1789 1229 sqq.)

134 1237 282 1273 uteretur,
306 1245 387 1275 quas
409 1235 526 1267 codices
548 1238 628 1267 recte
650 1237 852 1268 retinuerunt
873 1239 903 1268 et
924 1237 997 1268 inde
1020 1237 1059 1269 ab
1074 1237 1240 1269 Aldhelmo
1255 1239 1349 1269 multi
1362 1240 1562 1279 qrammatici
1581 1240 1671 1271 illum
1694 1241 1790 1271 secuti

134 1286 180 1318 ad
195 1296 351 1326 personas
373 1287 493 1329 dialoqi
515 1287 756 1328 distinqucndas
777 1288 976 1321 adhibebant.

240 1339 460 1379 Quaecumque
486 1339 582 1371 bonae
604 1340 711 1380 fruqis
737 1343 811 1371 sunt
838 1341 873 1371 in
899 1341 1036 1380 epistula
1064 1341 1107 1372 ad
1129 1342 1303 1380 Acircium,
1333 1352 1371 1373 ex
1394 1342 1536 1373 Audaeis
1559 1342 1726 1382 Excerptis
1755 1344 1788 1373 in

133 1391 265 1422 metrica
288 1391 410 1432 prioris
437 1391 544 1432 partis
571 1392 762 1431 expositione
784 1392 856 1424 inde
879 1403 899 1424 a
916 1403 951 1432 p.
967 1393 1010 1424 82
1033 1393 1211 1424 transtulit:
1240 1403 1319 1432 quae
1346 1394 1380 1423 in
1402 1404 1495 1425 usum
1517 1405 1609 1425 suum
1632 1395 1789 1432 convertit,

132 1441 177 1473 ad
204 1441 345 1482 sinqulos
375 1442 454 1473 locos
482 1443 658 1484 adscripsi;
686 1445 808 1476 notavit
836 1444 910 1476 haec
932 1445 1108 1483 Manitins,
1139 1455 1208 1476 ctam.
1231 1444 1274 1476 H.
1291 1445 1367 1476 Keil
1388 1445 1463 1485 (G-r.
1481 1445 1519 1477 L.
1537 1445 1606 1477 VII
1616 1446 1695 1487 316)
1724 1447 1787 1476 iam

132 1493 294 1525 Audacem
321 1494 360 1526 ab
391 1494 559 1526 Aldlzelmo
588 1496 764 1527 adhibitum
793 1506 856 1528 esse
881 1497 1126 1538 pronuntiasset.
1171 1497 1274 1536 Atque
1300 1497 1474 1535 Audacem,
1506 1507 1569 1529 non
1597 1497 1787 1528 Victorinum

134 1547 293 1577 auctorem
323 1548 462 1577 secutum
492 1557 558 1579 esse
580 1547 780 1579 Aldlzelmum
809 1558 842 1579 eo
858 1548 1028 1588 probatur,
1058 1548 1140 1589 quod
1161 1549 1234 1580 item
1256 1551 1349 1588 atque
1372 1549 1493 1580 Audax
1510 1551 1582 1590 post
1604 1559 1700 1590 quam
1723 1549 1790 1580 XII

131 1607 163 1636 p.
179 1597 231 1636 83,
249 1597 291 1628 15
314 1598 429 1636 omisit,
453 1599 537 1638 quod
558 1598 739 1631 Victorinus
760 1599 818 1632 Gr.
835 1599 873 1632 L.
892 1599 943 1632 VI
953 1601 1027 1638 210,
1045 1602 1086 1631 16
1108 1599 1206 1638 habet,
1228 1600 1311 1640 quod
1333 1600 1382 1631 liic
1405 1601 1556 1640 leqeretur
1573 1609 1691 1631 neoesse
1708 1603 1792 1631 erat:

134 1649 189 1690 qui
211 1649 372 1681 maximus
390 1653 448 1691 est,
472 1661 538 1682 non
553 1650 624 1693 plus
644 1662 741 1693 quam
758 1651 872 1684 decem
892 1655 925 1683 et
943 1655 1079 1693 septem,
1103 1655 1132 1683 et
1149 1652 1234 1691 quod
1250 1662 1284 1693 p.
1301 1653 1351 1689 83,
1368 1654 1387 1683 4
1407 1652 1487 1692 quit,
1511 1652 1593 1691 quod
1611 1655 1791 1693 corruptum

132 1700 219 1742 apud
247 1701 415 1733 Audacem
446 1702 578 1741 invenit,
608 1703 686 1734 Ilias
715 1703 850 1735 Homeri
880 1704 931 1735 vel
962 1703 1127 1735 Aeneidos
1150 1703 1297 1744 Vergilii.
1344 1703 1404 1735 Sed
1430 1705 1535 1741 auxit,
1565 1714 1642 1743 quae
1671 1703 1791 1734 Audax

131 1753 348 1791 ministrabat,
375 1764 410 1793 p.
429 1754 558 1785 84-89
588 1755 753 1786 nonnullis
783 1756 864 1794 suis,
897 1766 978 1795 quae
1006 1758 1069 1786 tam
1102 1757 1173 1794 apte
1206 1756 1331 1786 inventa
1362 1755 1550 1786 videbantur
1581 1754 1789 1791 Cruindmelo,

131 1804 248 1836 saeculi
269 1805 348 1837 noni
370 1806 506 1844 metrum,
530 1809 566 1838 ut
582 1809 711 1846 partem
734 1817 839 1839 eorum
862 1807 898 1838 in
919 1818 1011 1838 suam
1031 1809 1131 1838 artem
1150 1809 1381 1838 transsumeret.
1421 1807 1486 1838 Nec
1503 1807 1655 1844 sat1'sfeeit
1670 1806 1790 1837 Audax

132 1855 296 1888 Aldkelmo
320 1857 365 1897 (p.
383 1857 440 1898 92)
464 1858 498 1889 in
521 1858 582 1896 eis,
613 1868 694 1898 quae
717 1859 754 1890 de
776 1859 915 1890 versibus
938 1858 1091 1899 districto,
1117 1857 1229 1898 diviso,
1253 1858 1366 1898 mixto,
1390 1858 1535 1900 priapeio
1559 1858 1714 1898 exposuit:
1740 1857 1790 1888 liic

132 1908 241 1940 omnia
262 1927 304 1931 ——
328 1909 430 1940 alium
453 1911 609 1941 auctorem
631 1913 755 1941 secutus
777 1920 822 1941 an
844 1910 910 1950 ipse
932 1910 970 1941 ab
993 1910 1123 1941 Audace
1147 1909 1219 1940 bene
1241 1909 1397 1948 explicata
1415 1909 1615 1950 perturbans,
1639 1909 1788 1939 incertmn

131 1961 176 1990 est
199 1978 241 1982 —
259 1960 360 2000 plane
383 1963 494 1992 temere
517 1962 663 2000 invertit;
682 1972 715 2001 p.
732 1963 784 1993 89.
808 1963 849 1992 94
872 1971 911 1993 ea:
930 1961 1038 1993 Servio
1057 1961 1209 2000 quaedam
1227 1961 1404 2001 repetivisse
1422 1960 1553 1991 ridetur.
1598 1959 1662 1991 Nec
1685 1962 1788 1991 tamen

135 2010 293 2043 Victorini
314 2011 519 2052 disciplinam
544 2013 669 2044 omnino
692 2013 886 2053 repudiauit,-
914 2023 990 2044 nam
1012 2023 1091 2052 quae
1108 2023 1142 2054 p.
1160 2013 1235 2042 90-
1246 2013 1286 2043 91
1318 2011 1423 2043 attulit
1445 2011 1488 2042 ad
1509 2012 1623 2053 species
1646 2021 1788 2042 versuum

134 2062 389 2103 Verqilianorum
422 2063 644 2102 declarandas,
675 2075 712 2096 ea
741 2064 895 2096 Victorini
927 2065 1100 2104 exemplum
1127 2074 1208 2106 prae
1237 2074 1268 2095 se
1294 2063 1423 2105 ferunt;
1454 2073 1534 2103 quae
1560 2063 1625 2102 ipse
1657 2063 1788 2094 inseruit

125 2124 160 2156 p.
177 2115 228 2153 90,
246 2115 286 2146 10
296 2125 370 2155 sqq„
388 2125 508 2155 parum
531 2116 573 2147 ad
595 2127 640 2154 ea,
665 2127 745 2156 quae
761 2120 871 2157 postea
895 2117 1039 2158 explicat,
1064 2116 1260 2147 conveniunt.
1302 2115 1391 2155 Quod
1412 2124 1482 2146 vero
1497 2114 1608 2155 Row,
1632 2115 1787 2154 L'enseiq-

129 2168 255 2198 nement
274 2177 306 2206 p.
323 2168 388 2199 362
411 2169 440 2198 et
461 2168 534 2204 377,
552 2169 574 2199 2
596 2169 786 2208 suspicatur,
809 2169 905 2200 etiam
924 2168 1060 2200 Graecos
1080 2168 1223 2199 metricos
1245 2167 1288 2198 ad
1309 2177 1370 2198 sua
1389 2166 1589 2198 Aldhelmum
1613 2166 1788 2203 adscivisse,

131 2217 188 2250 ἧσο
213 2221 344 2260 propter
372 2219 558 2251 universam
580 2219 742 2252 Aldhelmi
770 2221 926 2252 rationem
948 2221 983 2251 in
1005 2220 1185 2251 auctoribus
1208 2219 1394 2250 adhibendis
1417 2221 1607 2260 usurpatam
1629 2218 1787 2248 concedere

127 2279 260 2310 nequem
283 2270 432 2302 didicisse
455 2270 535 2302 talia
557 2271 645 2311 apud
659 2271 866 2303 Hadrianum
887 2282 943 2303 nec
959 2271 1093 2313 probari
1110 2273 1212 2311 potest
1234 2281 1289 2302 neo
1306 2270 1455 2308 refutari,
1479 2269 1532 2301 sed
1548 2269 1714 2300 verisimile
1731 2271 1784 2299 est.

129 2321 244 2353 Etiam
265 2321 475 2361 Bonifatium
497 2322 556 2354 hac
579 2325 736 2355 tractatus
750 2326 846 2363 parte
868 2323 904 2354 in
926 2333 986 2355 sua
1009 2325 1077 2354 arte
1099 2333 1162 2354 esse
1184 2333 1287 2360 usum,
1311 2322 1355 2353 eis
1377 2320 1564 2358 declaratur,
1588 2331 1667 2360 quac
1689 2322 1751 2351 not.
1767 2321 1784 2349 1

124 2383 158 2412 p.
174 2374 216 2405 96
239 2375 295 2414 (cf.
318 2374 415 2406 etiam
436 2376 498 2406 not.
513 2376 532 2405 1
548 2385 585 2415 p.
596 2376 676 2416 204)
698 2375 862 2415 adscripsi.

233 2424 337 2458 Plane
358 2425 428 2457 alia
452 2428 537 2464 sunt,
559 2437 639 2466 quae
662 2428 695 2457 in
719 2427 821 2458 altera
841 2427 988 2459 metricae
1009 2426 1213 2466 expositionis
1232 2427 1325 2465 parte
1349 2424 1534 2456 Aldleelmus
1557 2425 1678 2459 tractat,
1705 2432 1784 2461 quae

129 2477 196 2514 sere
228 2479 294 2508 tota
322 2477 357 2508 in
387 2488 421 2509 eo
445 2479 553 2517 posita
580 2481 638 2516 est,
669 2481 706 2510 ut
730 2478 881 2518 exemplis
903 2479 1025 2516 allatis,
1056 2487 1137 2517 quae
1167 2477 1297 2509 breviter
1319 2476 1356 2507 de
1378 2476 1470 2507 rebus
1490 2475 1628 2506 metricis
1649 2473 1783 2509 disserit,

130 2527 259 2570 explicet
287 2531 317 2560 et
343 2529 498 2561 illustret:
527 2529 603 2562 haee
629 2532 736 2562 autem
763 2532 799 2562 ut
823 2530 995 2571 leqitimam
1018 2529 1114 2561 solam
1136 2529 1345 2574 quantitatem
1369 2527 1552 2566 respiciunt,
1580 2528 1607 2556 et
1629 2527 1783 2564 quantum

233 2632 258 2664 1)
277 2631 315 2658 In
333 2632 540 2666 Antiquitatum
558 2632 746 2659 Meldunensis
765 2632 890 2659 Coenobii
907 2632 998 2666 (Giles
1014 2640 1039 2665 p.
1054 2633 1116 2665 339)
1135 2633 1281 2657 narratur.-
1300 2631 1400 2664 postea
1419 2630 1489 2660 (cum
1511 2627 1655 2654 Cantnarii
1671 2634 1717 2658 per
1734 2625 1782 2649 ‹11¹-

128 2672 202 2708 quod
218 2675 318 2707 tempus
335 2674 494 2709 studuisset)
513 2684 576 2702 cum
601 2675 683 2703 sociis
705 2676 756 2702 sub
776 2675 923 2702 Maildulfo
947 2674 1083 2702 monacho
1106 2675 1234 2701 attonsus
1253 2675 1307 2703 est.
1335 2673 1447 2699 vivente
1465 2670 1613 2697 Maildulso
1637 2670 1698 2702 post
1721 2670 1779 2693 lon·

128 2715 237 2743 sionem
258 2717 319 2744 eius
343 2725 430 2744 annos
455 2718 677 2751 quatuordecim.
713 2719 813 2745 Probat
835 2718 900 2745 haec
918 2718 1063 2748 Manitius,
1085 2716 1175 2743 Gesch.
1195 2715 1220 2742 d.
1240 2715 1303 2742 Lat.
1324 2715 1379 2741 Lit.
1399 2714 1442 2740 des
1462 2713 1631 2740 Mzuclalrcrs
1648 2712 1706 2744 11».
1723 2713 1780 2735 135:

128 2758 174 2785 sed
189 2761 316 2794 refutant
333 2768 372 2793 ea,
391 2768 459 2795 quae
477 2760 508 2788 de
526 2761 608 2787 annis
625 2762 692 2795 ipsis
710 2764 841 2788 constant.
