2183 3077
263 194 324 224 285
976 186 1193 213 ALDHELMVS

264 277 476 318 parsimonia³
498 282 561 307 tam
580 276 730 317 frugalish
749 275 844 306 tuisse
862 274 1034 312 ferebatur,
1058 276 1092 303 ut
1109 273 1230 313 potiusc
1251 271 1404 302 viridibus
1428 271 1598 302 herbarum
1622 271 1779 303 fasciculis
1803 274 1834 302 et
1858 282 1907 302 re-

265 328 589 359 centibushortorum
607 327 778 357 holusculis
799 324 1012 363 vesceretur-¹¹,
1037 324 1126 364 quasi
1151 323 1295 354 conditoe
1319 323 1442 353 culinae
1467 322 1695 363 pulmentariof
1717 324 1873 364 potiretur
1883 328 1907 361 Β,

265 391 335 410 cum
361 384 467 410 tamen
492 382 652 410 cocturam
678 381 709 409 ct
732 380 907 408 assaturam
932 376 1155 406 alimentorum
1180 375 1211 404 iu
1235 374 1430 404 focularibus
1454 377 1677 414 praeparatam
1702 374 1742 405 ad
1766 374 1906 405 edulium

264 430 427 461 refutaret.
473 430 534 460 Hic
558 429 745 470 aliquando,
770 439 840 459 cum
864 427 1019 466 Iulianus,
1045 427 1098 467 qui
1123 425 1323 467 tyrannidem
1349 428 1380 456 et
1404 426 1598 467 apostasiam
1622 426 1741 466 pariter
1763 427 1906 466 arripuit,

264 492 326 512 non
350 481 445 512 modo
471 482 500 511 in
525 480 662 511 clericali
686 478 806 519 g1·adu¹¹
824 479 1021 516 constitutos,
1045 477 1101 508 sed
1126 478 1222 508 etiam
1247 476 1435 508 monachica
1459 476 1656 517 professione
1674 476 1843 517 fungentes
1867 476 1908 507 ad

265 533 398 563 militiae
422 532 581 572 cingulum
606 534 746 571 cogeret,
771 531 799 559 in
826 528 977 570 ergastuli
1001 527 1192 569 latibulum}
1215 528 1365 564 truditur;
1390 527 1446 558 sed
1470 527 1695 569 intempestaei
1711 529 1812 558 noctis
1829 538 1903 559 con-
1919 533 1944 553 G-
1956 535 1980 554 52

266 584 395 614 ticiniok
425 583 556 623 angelus
584 581 804 622 limpidissimo
838 581 916 610 lucis
948 580 1037 610 radio
1070 579 1279 620 resplendens
1309 579 1532 610 tremibundis¹
1557 579 1741 610 custodibus
1771 579 1908 610 claustra

265 635 401 665 carceris
425 644 570 664 reserans
594 633 694 663 virum
711 632 771 662 Dei
797 631 836 662 de
860 631 1030 662 latebrosis
1047 630 1247 661 lautumiae¹¹¹
1264 629 1466 671 squaloribus
1483 631 1599 671 eripuit
1610 631 1628 660 ¹.

372 685 518 720 Quadam
543 684 594 714 dic
618 683 837 724 Apolloniusu,
867 693 937 713 cum
961 683 1022 713 iter
1044 685 1204 723 carperet,
1229 682 1397 722 gentilium
1422 685 1541 712 turmas
1566 683 1813 722 circumquaque
1838 691 1908 712 cum

264 736 431 766 simulacro
449 735 665 765 debachantes
679 735 856 764 orationum
870 734 1001 765 vinculis
1019 735 1109 774 quasi
1125 733 1275 764 radicitus
1290 734 1370 764 fixas
1391 733 1448 763 sub
1467 733 1539 763 divo
1557 736 1589 764 et
1605 733 1723 763 torrido
1741 733 1816 763 solis
1833 743 1907 764 cau-

265 791 348 816 mate
373 785 571 816 immobile&
595 795 724 816 manere
750 785 865 816 fecitl‘2
890 795 947 815 nec
971 791 1126 825 usquamq
1150 788 1204 815 aut
1228 785 1394 815 aliorsum‘
1417 783 1549 815 ulterius
1573 783 1724 825 progredi
1740 784 1908 814 valentes&

265 837 328 868 Sed
345 839 429 868 clunt
446 837 676 877 comperissent
695 847 761 868 rem
778 847 835 877 per
848 837 948 867 virum
962 836 1024 866 Dei
1040 840 1175 877 gestam,
1193 836 1286 866 ilicou
1299 835 1402 866 missis
1415 835 1600 875 legatariisv
1617 835 1867 876 spoponderunt,
1885 836 1910 865 si

366 940 389 970 ³)
409 941 561 972 pel-simonia
580 941 672 971 (supra
685 948 698 965 e
718 939 794 971 711¹a)
813 939 848 963 Ιιη
932 938 956 970 b)
976 939 1076 972 fragilis
1096 939 1119 963 A
1139 939 1159 969 (i
1179 939 1204 963 ιἰι
1223 948 1239 963 a
1259 948 1326 964 vnau.
1340 939 1402 970 rec.)
1423 940 1445 963 (τ’
1527 939 1549 970 c)
1569 939 1654 971 potius
1674 939 1731 970 AG,
1750 939 1909 971 potissimum

264 987 326 1013 cett,
346 983 504 1014 potissimum
524 991 571 1007 om.
586 982 620 1006 ΕΙ
717 981 742 1014 d)
766 982 918 1007 noscebatur
939 982 974 1006 12¹
1072 982 1094 1013 e)
1118 981 1244 1013 conditolll
1265 981 1304 1013 (in
1322 990 1374 1006 ras.
1394 982 1445 1014 fnit
1463 981 1486 1013 r)
1504 981 1623 1013 lsllculine
1645 982 1683 1013 (in
1702 990 1753 1007 ras.
1772 982 1823 1014 fuit
1841 981 1867 1014 o)
1887 981 1910 1006 G

264 1024 282 1055 ¹<)
302 1026 467 1057 pulmentario
487 1025 613 1057 (suprosc.
628 1026 648 1049 R
663 1025 710 1055 m1)
724 1025 747 1048 A
818 1026 843 1054 Β)
865 1029 994 1057 poteretur
1013 1025 1048 1049 12¹
1120 1024 1145 1055 h)
1164 1025 1247 1057 gradu
1260 1025 1373 1050 clericali
1392 1024 1423 1054 B,
1443 1025 1561 1049 clericadi
1583 1025 1605 1048 G
1675 1023 1693 1055 i)
1713 1025 1862 1056 intempeste
1875 1024 1908 1054 A,

263 1069 413 1100 intempesta
431 1068 467 1092 153¹
572 1067 597 1099 k)
617 1069 697 1092 noctis
716 1068 859 1092 conticione
878 1069 959 1092 noctis
980 1068 1013 1092 ΕΙ
1113 1067 1130 1099 1)
1150 1068 1315 1092 tremebundo
1335 1068 1386 1092 AG
1484 1067 1515 1098 m)
1535 1067 1657 1092 lautumie
1677 1067 1701 1091 A
1715 1078 1747 1087 =
1763 1068 1792 1098 G,
1818 1068 1845 1092 in
1860 1075 1908 1099 quo

262 1120 331 1135 ηιιῑιιι.
351 1119 398 1135 rec.
416 1111 516 1142 scripsit
534 1111 640 1136 latrinae
659 1112 704 1142 (cf.
724 1118 744 1134 ε.
758 1109 885 1141 XXXV),
904 1110 1013 1134 lacunae
1032 1110 1070 1134 ed.
1087 1119 1137 1142 pr„
1158 1110 1280 1140 lautomie
1303 1110 1324 1134 B
1411 1110 1435 1141 n)
1455 1110 1624 1142 diapollonius
1643 1110 1768 1142 (suprasc.
1783 1119 1796 1135 e
1815 1110 1862 1141 ⁷72²)
1876 1111 1909 1141 A,

263 1154 398 1185 apollinius
419 1154 448 1178 G.
480 1154 548 1178 Hinc
567 1154 624 1178 novi
643 1153 748 1184 capituli
765 1153 865 1177 inituim
883 1157 972 1177 notant
990 1161 1069 1177 unum
1087 1162 1186 1178 versum
1206 1153 1295 1178 litteris
1314 1153 1458 1178 uncialibus
1476 1158 1613 1177 ezarantes
1633 1153 1655 1177 L
1668 1158 1689 1178 et
1706 1153 1733 1184 O,
1753 1154 1780 1177 in
1796 1155 1816 1177 s)
1834 1154 1909 1178 eliam

264 1204 383 1221 numerus
402 1196 562 1220 XXXVIII
572 1196 747 1227 praemittitur
834 1199 857 1226 0)
877 1196 990 1221 immoles
1004 1196 1130 1227 (sapt-asc.
1144 1197 1170 1221 bi
1182 1196 1230 1227 ⁷12²)
1244 1196 1268 1220 Β
1355 1196 1379 1227 1))
1399 1197 1460 1222 fecit
1477 1197 1512 1220 m¹
1527 1205 1608 1227 supra
1621 1197 1665 1221 lin.
1680 1197 1703 1220 A
1792 1196 1816 1227 q)
1835 1204 1909 1221 neus-

263 1247 338 1270 quam
359 1239 416 1269 Aa,
435 1248 591 1270 necusquam
610 1239 720 1263 BLOR¹
809 1240 829 1270 ¹⁴)
849 1239 959 1264 aliorsus
977 1239 1002 1263 Β
1088 1238 1109 1270 s)
1129 1240 1243 1264 ualentes
1257 1252 1262 1257 ·
1283 1240 1331 1264 Sed
1351 1239 1409 1270 AG,
1436 1240 1553 1264 ualerent
1574 1239 1596 1263 G
1615 1248 1683 1264 mon.
1696 1247 1745 1264 rec.
1766 1249 1797 1259 =
1817 1239 1908 1271 ecbpr.

263 1282 281 1306 s)
301 1285 331 1306 cu
351 1282 386 1305 ⁷21¹
406 1290 487 1313 ,supra
506 1282 551 1306 lin.
572 1281 595 1305 A
683 1282 707 1312 υ)
727 1282 785 1306 ilico
804 1281 913 1312 AGLO,
932 1282 1000 1306 illico
1019 1281 1039 1312 (i
1054 1282 1130 1313 prius
1147 1282 1225 1313 eras.)
1244 1282 1269 1305 Β
1357 1282 1382 1313 v)
1401 1281 1557 1314 legatalllriis
1575 1283 1608 1313 A,
1627 1282 1758 1314 legatariis
1777 1281 1822 1313 ΕΙ,
1842 1282 1909 1314 lega-

263 1325 335 1349 tariis
357 1325 378 1348 G
398 1328 459 1355 cett„
479 1325 512 1356 cf.
532 1324 567 1349 H.
581 1324 706 1354 Roensch,
727 1323 861 1349 Semasiol.
880 1324 959 1349 Beitsu
974 1324 1044 1356 140,
1062 1325 1192 1357 legatoriis
1212 1325 1282 1349 Giles

263 1408 307 1434 die
327 1417 359 1434 ac
383 1410 463 1434 nocte
488 1407 659 1434 orationibus
679 1416 780 1434 vacans
805 1416 907 1440 easque
932 1410 1055 1440 centum,
1083 1409 1115 1434 ut
1142 1407 1267 1438 aiebant,
1295 1415 1343 1441 per
1372 1407 1444 1434 diem
1472 1408 1644 1441 totidemque
1669 1408 1760 1434 noctis
1785 1411 1909 1443 tempore

265 1468 381 1485 curvans
405 1468 496 1493 genua
520 1459 705 1493 consignabat
724 1459 781 1485 Deo
867 1459 1061 1485 Indumentum
1086 1459 1144 1485 eius
1172 1461 1301 1492 stupeum
1327 1459 1477 1485 collabium
1505 1460 1534 1491 (I.
1554 1459 1718 1489 collobium
1747 1459 1778 1485 de
1799 1460 1909 1486 collobio

264 1510 454 1536 ›nonachornm
473 1510 664 1544 Aeyyptiorzmz
686 1510 739 1535 iam
757 1510 798 1535 De
816 1510 843 1535 la
864 1509 955 1542 cerda,
974 1509 1082 1536 Adrcrs.
1100 1518 1178 1535 sacra
1202 1517 1221 1535 c.
1242 1509 1342 1535 XXII
1358 1510 1483 1536 Cassiani
1504 1510 1710 1536 Institutionum
1729 1511 1748 1536 I
1763 1515 1779 1536 4
1797 1511 1908 1543 attulit),

265 1561 338 1594 quod
352 1562 425 1595 apud
440 1562 503 1587 illos
522 1561 628 1587 lebetes
641 1561 810 1595 appellatur,
831 1563 859 1587 et
872 1561 999 1591 linteum,
1019 1561 1092 1595 quod
1105 1561 1207 1588 collum
1222 1564 1249 1588 et
1263 1563 1349 1595 caput
1362 1562 1536 1593 obvolveret;
1556 1570 1627 1595 quae
1641 1564 1732 1588 tamen
1747 1562 1909 1589 indumenta

264 1612 389 1638 serebant
410 1613 591 1646 permansisse
611 1612 636 1639 ei
656 1613 682 1638 in
703 1613 811 1639 deserta
830 1621 980 1646 numquam
1000 1614 1125 1639 veterata
1211 1612 1256 1638 die
1275 1621 1339 1639 vero
1359 1613 1511 1644 dominica,
1537 1613 1632 1647 gratia
1652 1613 1789 1645 caritatis,
1816 1622 1908 1639 secum

263 1672 355 1689 omnes
375 1664 467 1690 cibum
486 1672 591 1690 sumere
612 1664 784 1695 hortabatur,
805 1672 865 1690 cum
886 1665 979 1690 tamen
999 1664 1058 1697 ipse
1076 1664 1166 1690 solitis
1180 1664 1367 1691 abstinentiae
1382 1665 1624 1692 observationibus
1637 1665 1795 1695 deserviret,
1815 1664 1908 1691 herbis

263 1715 432 1741 solummodo
452 1718 501 1741 aut
519 1715 639 1742 oleribus
660 1718 739 1741 utens
758 1724 807 1741 nec
827 1724 904 1741 usum
924 1717 974 1741 aut
997 1715 1180 1742 ministerium
1207 1715 1280 1750 ignis
1304 1715 1463 1742 admittens.
1489 1731 1521 1734 —
1544 1716 1577 1747 cf.
1591 1725 1612 1742 c.
1627 1716 1674 1741 IX
1697 1717 1778 1742 lanea
1802 1716 1909 1742 filorum

263 1766 384 1791 stamina
403 1776 434 1792 ex
455 1767 577 1800 glomere
597 1768 625 1793 et
643 1766 791 1800 panuculis
809 1767 942 1793 revoluta,
974 1767 1046 1800 VergJ.
1066 1766 1107 1792 VI
1123 1771 1173 1792 647
1195 1767 1249 1793 iam
1274 1767 1387 1801 pectine
1406 1768 1501 1801 pulsat
1607 1769 1632 1799 1)
1654 1767 1774 1800 Rufinus
1791 1767 1807 1794 l.
1821 1769 1836 1794 l.
1857 1768 1909 1794 Hic

264 1826 324 1842 cum
345 1817 476 1850 audisset,
497 1818 598 1844 Iuliani
619 1838 644 1844 ..
665 1818 836 1851 temporibus
856 1818 969 1844 fratrem
983 1818 1121 1851 quendam
1141 1818 1245 1844 militia
1264 1819 1491 1852 comprehensum
1511 1819 1629 1845 detineri
1649 1819 1676 1844 in
1696 1827 1812 1851 carcere,
1832 1820 1910 1847 venit

263 1869 298 1895 ad
318 1878 379 1895 eum
399 1879 459 1896 cum
479 1869 611 1895 fratribus
631 1869 792 1895 consolandi
813 1878 896 1895 causa
915 1889 940 1895 ..
960 1869 1120 1902 supervenit
1147 1870 1272 1896 centurio
1292 1891 1317 1896 ..
1338 1870 1430 1897 claves
1450 1870 1620 1897 extrinsecus
1640 1870 1756 1897 carceris
1776 1871 1909 1904 imposuit

264 1921 408 1954 ipsumque
428 1924 455 1947 et
474 1930 567 1947 omnes
586 1920 753 1954 quicumque
767 1923 899 1947 venerant
918 1920 1024 1954 pariter
1043 1921 1186 1952 conclusit,
1206 1930 1259 1954 quo
1280 1921 1389 1948 scilicet,
1408 1921 1493 1947 etiam
1513 1921 1568 1955 ipsi
1588 1921 1716 1948 similiter
1735 1922 1770 1948 ad
1789 1922 1908 1949 militiae

265 1972 454 1998 detinerentur
477 1972 597 1998 officium
693 1972 783 1998 medio
807 1974 900 1998 autem
925 1972 1014 1998 noctis
1037 1975 1129 1999 astare
1155 1973 1228 1999 visus
1251 1975 1293 1999 est
1317 1974 1434 2007 angelus
1458 1973 1566 2007 ingenti
1595 1973 1655 2000 luce
1683 1974 1861 2007 resplendens
1881 1976 1909 2001 et

267 2023 467 2056 obstupefactis
487 2023 698 2055 perterritisque
718 2023 878 2049 custodibus
898 2023 1016 2050 carceris
1035 2024 1157 2050 claustra
1177 2024 1312 2057 patefecit
1384 2025 1409 2056 2)
1431 2023 1549 2056 Rufinus
1569 2025 1584 2050 l.
1600 2025 1616 2051 l.
1636 2026 1737 2057 (IL-114
1751 2024 1803 2057 M.)
1823 2025 1907 2051 Erant

266 2074 414 2106 aliqnando
439 2074 465 2099 in
490 2074 608 2100 circuitu
635 2074 693 2100 eius
717 2074 802 2107 positi
826 2074 920 2101 decem
945 2075 1055 2101 circiter
1079 2075 1227 2109 gentilium
1253 2075 1323 2107 vici,
1352 2075 1426 2109 apud
1450 2084 1517 2109 quos
1541 2075 1722 2103 daemoniaca
1746 2077 1908 2110 superstitio

265 2133 369 2150 summo
389 2125 480 2150 studio
500 2125 650 2151 colebatur.
688 2125 833 2159 Templum
854 2126 925 2152 enim
946 2128 1005 2153 erat
1024 2126 1226 2160 amplissimum
1246 2128 1330 2160 atque
1350 2127 1377 2152 in
1397 2136 1428 2153 eo
1447 2127 1634 2158 simulacrum,
1654 2127 1726 2160 quod
1747 2127 1829 2153 moris
1848 2130 1909 2154 erat

267 2175 434 2201 circumferri
454 2184 469 2200 a
489 2176 676 2202 sacerdotibus
696 2177 894 2203 bacchantium
913 2177 968 2203 ritu
1060 2178 1179 2211 contigit
1206 2180 1299 2205 autem
1324 2178 1374 2204 sub
1399 2187 1431 2205 eo
1455 2180 1591 2212 tempore,
1618 2187 1672 2211 quo
1695 2178 1853 2205 huiusmodi
1872 2179 1908 2205 ab

267 2227 305 2252 uis
325 2226 401 2259 orgia
420 2227 594 2260 gerebantur,
614 2227 666 2253 iter
685 2236 766 2261 agere
787 2228 898 2254 beatum
917 2229 1094 2262 Apollonium
1115 2238 1163 2263 per
1181 2230 1243 2263 ipsa
1263 2230 1332 2260 loca,
1357 2238 1418 2255 cum
1437 2229 1590 2262 aliquantis
1615 2229 1755 2256 fratribus.
1793 2230 1828 2256 Et
1846 2238 1908 2256 cum

269 2277 378 2302 vidisset
406 2277 557 2303 infelicium
582 2280 685 2304 turmas
713 2279 791 2311 quasi
815 2279 946 2306 daemone
971 2281 1090 2313 quodam
1113 2281 1159 2315 agi
1185 2281 1371 2314 baccharique
1397 2289 1446 2314 per
1470 2289 1594 2314 campos,
1620 2280 1765 2307 miseratus
1792 2289 1909 2308 errorem

267 2337 358 2353 eruum
379 2328 437 2353 fixis
457 2328 572 2361 genibus
597 2328 737 2355 invocavit
758 2330 903 2356 Dominum
923 2332 951 2357 et
974 2332 1140 2358 salvatorem
1168 2335 1291 2358 nostrum
1316 2334 1343 2358 et
1371 2340 1465 2358 omnes
1490 2341 1547 2363 eOS,
1576 2332 1623 2365 qui
1649 2331 1823 2358 caerimoniis
1848 2332 1909 2359 dae-

268 2379 400 2405 moniacis
421 2379 582 2411 agebantur,
606 2389 665 2405 curn
686 2380 852 2407 simulachro
871 2391 919 2408 suo
939 2384 1012 2408 stare
1032 2383 1099 2409 fecit
1118 2383 1286 2414 immobiles,
1311 2392 1344 2410 ne
1365 2383 1493 2417 progredi
1520 2382 1629 2409 omnino
1652 2391 1768 2416 usquam
1788 2386 1908 2416 possent.

268 2431 357 2463 Atque
379 2430 418 2455 ita
438 2439 485 2463 per
509 2433 596 2456 totuin
620 2431 692 2456 diem
720 2432 902 2465 rapidissimis
928 2434 1019 2460 adusti
1048 2435 1172 2461 aestibus
1200 2437 1411 2468 permanserunt
1438 2434 1610 2468 ignoranteS,
1638 2434 1708 2460 uncle
1734 2434 1773 2461 eis
1797 2435 1910 2461 haerere

269 2489 320 2506 uno
340 2481 366 2506 in
387 2481 447 2506 loco
468 2481 647 2507 iunnobilitvr
667 2483 837 2515 contigisset.
876 2484 953 2509 Tunc
973 2486 1129 2511 sacerdotes
1154 2494 1246 2512 eorum
1267 2485 1409 2516 dicebaut,
1435 2495 1492 2512 esse
1517 2485 1654 2518 quendam
1674 2485 1861 2512 Christianum
1881 2486 1909 2511 in

267 2532 424 2564 1-··gi01.i}>us
440 2531 547 2557 vicinae
567 2532 649 2557 eremi
671 2537 897 2561 cornnuuicntcm.
917 2535 1094 2568 Apollonium
1109 2537 1227 2568 nomine,
1247 2539 1275 2563 et
1288 2537 1375 2571 ipsius
1389 2545 1446 2563 esse
1462 2537 1530 2563 haec
1549 2545 1632 2570 opera
1645 2556 1651 2562 .
1666 2557 1671 2562 .
1685 2557 1691 2563 .
1711 2537 1781 2562 Tum
1796 2536 1908 2569 quidam

267 2593 298 2608 cx
314 2583 369 2608 illis
391 2592 451 2609 vere
470 2592 515 2607 eus
534 2583 640 2616 opinari
655 2583 743 2615 aiunt,
762 2594 825 2610 uam
841 2606 844 2611 .
858 2607 862 2611 .
877 2586 977 2611 vidisse
991 2596 1018 2612 sc
1032 2596 1093 2613 eum
1108 2588 1134 2613 in
1150 2588 1198 2614 illo
1213 2588 1311 2615 itinere
1327 2590 1551 2622 praetereuntem
1565 2588 1765 2614 confirmabant
1779 2608 1784 2613 .
1797 2608 1818 2614 ..
1835 2587 1908 2614 omni

269 2633 373 2659 auxilio
394 2634 517 2659 frustrati
538 2634 660 2667 legatum
681 2635 715 2660 ad
735 2635 874 2661 dominum
892 2637 939 2662 vui
960 2637 1075 2664 mittunt
1097 2639 1269 2671 pollicentes,
1289 2642 1328 2673 ut,
1348 2640 1370 2665 si
1390 2648 1435 2666 eos
1455 2640 1576 2666 resolvat
1596 2639 1639 2665 his
1658 2639 1782 2669 vinculis,
1803 2639 1909 2672 pariter

268 2693 376 2717 quoque
396 2685 493 2709 erroris
514 2685 539 2709 in
560 2685 598 2710 cis
621 2685 728 2711 vincula
750 2686 911 2713 dissolveret
933 2707 957 2713 ..
972 2709 977 2714 .
1006 2688 1079 2714 Haec
1101 2689 1146 2715 ubi
1168 2691 1300 2717 nunciata
1321 2694 1383 2717 sunt
1409 2691 1445 2721 ei,
1470 2691 1528 2717 sinc
1552 2699 1627 2716 mora
1646 2690 1788 2716 descendit
1808 2690 1842 2715 ad
1861 2698 1907 2716 eos

267 2738 292 2759 m
315 2755 340 2761 ..
360 2744 452 2760 ornnes
472 2735 593 2761 rc<clvit.
633 2737 665 2761 At
687 2736 727 2762 illi
749 2757 773 2762 ..
794 2746 888 2763 onmes
908 2739 1069 2772 confugiunt
1089 2740 1123 2765 ad
1144 2750 1205 2766 eum
1297 2742 1474 2768 simulacrum
1494 2750 1569 2773 vero,
1594 2741 1666 2774 quod
1691 2742 1751 2767 erat
1774 2740 1906 2774 ligneum,

268 2786 397 2812 cuntium)
418 2786 529 2811 tradunt
551 2787 607 2814 iuni

1938 485 1949 503 5

1930 741 1953 760 10
