2022 3057
651 136 817 163 CARMINA
837 137 1111 166 ECCLESIASTICA
1131 140 1176 172 lv.
1192 142 1334 169 vin-x.
1774 155 1814 181 ῆι)

563 222 652 258 Quae
677 223 772 254 modo
797 234 855 264 per
878 225 1030 256 mundum
1055 225 1220 268 divulgant
1243 230 1361 270 scripta
1385 231 1596 272 triquadrum:

504 286 515 304 ⁵
561 274 664 310 Quem
688 274 785 306 Fison
809 275 922 306 fluvius
946 277 1086 317 paradisi
1112 278 1198 309 fonto
1223 280 1404 312 redundans

562 325 642 356 Mire
666 326 829 366 portendit
853 327 996 368 pandens
1020 329 1160 360 misteria
1185 340 1303 362 reruni:

562 375 672 407 Fontis
696 377 844 418 designat
867 378 1006 409 salvator
1030 380 1097 410 iure
1122 382 1268 421 figuram,

561 427 610 458 Dc
636 438 699 468 quo
725 428 911 469 quadrifluis
936 429 1107 461 decurrunt
1130 432 1260 463 flumina
1284 434 1370 464 rivis:

561 478 720 514 Quattuor
743 483 777 510 ut
801 480 962 521 quondam
987 483 1146 513 nascentis
1170 484 1291 525 origine
1316 487 1411 517 saecli

489 542 513 560 ιο
557 529 708 571 Limpida
731 540 790 571 per
813 531 913 562 latum
937 532 1099 564 fluxerunt
1121 534 1251 565 flumina
1276 536 1438 572 mundun),

561 581 652 617 Quae
677 581 790 613 rubros
813 583 907 613 flores
931 587 963 614 et
986 589 1077 624 prata
1103 586 1236 616 virentia
1260 587 1362 627 glebis

559 631 749 674 Gurgitibus
773 634 859 674 puris
883 639 914 665 et
937 635 1052 675 glauco
1077 647 1148 667 rorc
1173 637 1330 678 rigabant.

559 682 611 714 Sic
635 684 779 715 doctrina
803 685 865 716 Dei
889 686 981 717 fluxit
1005 687 1044 717 dc
1069 688 1156 718 fonte
1181 693 1336 730 quaterno

557 735 658 766 Arida
682 735 795 766 divinis
819 737 958 768 irrorans
982 738 1083 769 corda*
1103 739 1267 772 scatebris,

486 798 509 817 is
554 785 647 817 Hanc
671 788 808 828 scriptor
831 798 930 819 verax
955 791 1113 830 expressit
1136 790 1284 822 Matheus
1309 793 1383 824 olim

557 837 726 879 Quemque
751 839 877 879 profeta
902 839 964 871 Dei
989 852 1078 872 sacro
1103 843 1276 883 spiramine
1301 844 1411 885 plenus

555 888 707 920 Humana.
731 891 838 930 speeie
862 891 941 922 vidit
964 893 1120 933 signarier
1144 893 1229 932 olim,

557 940 651 976 Quod
675 941 793 973 Christi
818 948 926 984 patres
951 948 983 975 et
1006 956 1081 976 avos
1106 952 1288 978 numeraret
1312 958 1453 978 avorum.

555 990 582 1022 E
607 993 677 1033 quis
701 992 842 1025 salvator
864 998 992 1027 nostrae
1017 996 1174 1028 cunabula
1198 999 1296 1028 sarcis

482 1056 507 1074 ρο
552 1042 741 1084 Sumpserat
765 1045 794 1075 in
819 1045 937 1077 mundo
962 1048 1118 1079 scelerata
1146 1049 1270 1089 piacula
1297 1049 1438 1081 demens.

259 1196 277 1222 4
298 1197 440 1230 deuulgant
463 1197 487 1221 A
610 1198 626 1223 5
650 1199 725 1230 fyson
748 1199 786 1229 A,
815 1200 906 1232 phison
930 1201 987 1231 PV,
1016 1202 1079 1226 fison
1102 1202 1124 1227 S
1210 1203 1342 1236 paradysi,
1371 1205 1395 1228 in
1422 1213 1504 1237 inat-(J.
1522 1205 1542 1230 7⁶
1563 1206 1583 1231 S
1704 1206 1719 1231 6
1744 1208 1807 1232 Mira

158 1239 236 1264 APV
287 1241 397 1273 Tropica.
415 1239 437 1265 S
443 1239 555 1270 Quercet.
609 1241 721 1266 misteria
740 1242 820 1266 APV
870 1245 999 1276 protendit
1018 1245 1041 1267 V
1114 1244 1130 1270 8
1149 1246 1287 1277 quadriflui
1307 1247 1340 1277 A,
1359 1248 1504 1279 quadrifuis
1523 1247 1546 1271 V
1622 1252 1636 1274 9
1655 1251 1770 1280 Quatuor
1792 1250 1814 1273 V

156 1283 249 1308 saeclis
268 1283 301 1315 S,
320 1284 374 1308 sedi
393 1283 417 1307 V
493 1283 523 1308 ll
544 1284 626 1316 pirata
644 1284 669 1309 P
748 1284 779 1310 12
798 1286 873 1311 Puris
886 1289 997 1320 gurgitis
1009 1290 1032 1313 «Sc
1045 1297 1100 1313 rore
1114 1289 1233 1321 rigabant
1246 1290 1253 1313 i
1267 1297 1348 1321 supra
1360 1298 1389 1322 g;
1409 1298 1457 1315 om.
1470 1291 1562 1322 glauco
1576 1291 1601 1315 A
1655 1293 1772 1325 rigabant
1787 1293 1809 1317 I'

155 1326 200 1351 sed
219 1326 354 1358 praecedit
375 1326 476 1351 initium
500 1326 599 1352 litterae
738 1327 772 1353 13
795 1330 912 1355 examine
936 1334 1060 1362 quaterno
1084 1331 1107 1355 A
1196 1332 1226 1356 de
1251 1333 1320 1356 fonte
1340 1332 1536 1362 PSVQuercet.
1624 1335 1740 1359 inrorans
1759 1335 1812 1359 I'I’

156 1368 188 1395 15
206 1369 323 1395 matheus
341 1369 415 1394 APS
492 1370 520 1394 in
538 1378 619 1401 mai-y.
640 1370 743 1403 proh&a
763 1371 787 1395 A
866 1374 994 1399 mattheus
1018 1374 1041 1397 V
1157 1373 1189 1399 16
1212 1375 1318 1407 Queque
1336 1376 1407 1407 pisia
1425 1376 1451 1400 di
1470 1377 1495 1400 A
1613 1376 1643 1401 17
1662 1379 1762 1409 speciae
1781 1397 1787 1403 .
1802 1398 1807 1403 .

155 1413 284 1445 signamer
302 1412 328 1436 A
434 1411 466 1437 18
484 1413 564 1445 patris
589 1412 613 1436 V
718 1413 751 1438 19
770 1415 790 1439 Ε
808 1416 881 1446 queis
903 1416 1017 1446 φαεν-σει.
1089 1418 1176 1442 nostra
1195 1418 1323 1442 cunabula
1341 1419 1406 1443 sacri
1426 1419 1450 1442 A
1522 1425 1621 1444 nostrae
1633 1433 1663 1436 —-
1675 1422 1739 1446 sarci
1759 1421 1808 1445 1’1'

154 1458 257 1480 nostrae
269 1467 303 1472 —
315 1455 395 1480 sarcis
413 1455 440 1480 in
457 1463 540 1488 mary.
559 1457 644 1481 carnis
664 1456 685 1480 S
754 1457 874 1483 Saluatoi·
892 1464 978 1484 noster
991 1473 1022 1477 —
1036 1461 1100 1484 sacri
1123 1460 1236 1490 φαεν-εει.
1249 1460 1320 1485 Giles
1432 1460 1466 1486 ‘20
1485 1461 1596 1486 clemens
1616 1462 1638 1487 S
1710 1469 1808 1488 sacrata

155 1496 203 1527 (al.
222 1497 356 1530 scelerata)
375 1498 478 1530 piacula
497 1499 610 1523 clemens
631 1499 743 1529 Quercet.

262 1608 279 1634 4
296 1608 430 1634 mundum
448 1608 622 1642 triquadrum
642 1608 796 1635 Aldhelmus
815 1609 886 1635 diluit
904 1612 934 1635 ut
957 1610 1068 1637 Orosius
1086 1614 1108 1636 et
1127 1614 1230 1637 Auctor
1249 1613 1364 1639 incertas
1382 1613 1516 1646 laminam
1535 1613 1733 1647 Hispericorum
1754 1614 1806 1646 (cd.

154 1657 297 1684 Stowasser
316 1659 428 1686 Vindob.
448 1663 514 1686 1887
534 1662 570 1694 cf.
589 1660 627 1686 ecl.
646 1660 799 1687 Jenkinson
820 1669 847 1694 p.
863 1663 905 1695 93)
925 1666 949 1694 4,
964 1666 979 1688 6
1003 1665 1038 1695 cs.
1058 1662 1095 1688 acl
1116 1671 1223 1696 prosam
1244 1663 1274 1689 dc
1298 1664 1361 1697 virg).
1381 1672 1402 1690 c.
1420 1664 1532 1690 XVIII.
1558 1679 1588 1683 -
1612 1664 1642 1690 cle
1662 1665 1725 1698 πίνῃ.
1743 1669 1807 1691 1632

155 1709 231 1741 Quae
250 1719 323 1737 nunc
348 1719 398 1744 per
416 1711 550 1738 mundum
568 1711 728 1738 scribuntur
747 1712 800 1739 rite
819 1713 986 1746 quadratum
993 1723 999 1744 ;
1024 1713 1133 1740 Alcuin.
1152 1714 1184 1740 de
1205 1715 1306 1740 sanctis
1324 1715 1396 1741 Eub.
1417 1716 1477 1742 eccl.
1493 1718 1547 1741 288
1569 1724 1639 1748 quae
1659 1716 1739 1742 modo
1759 1725 1808 1750 per

153 1761 285 1788 mundum
304 1762 410 1789 chartis
428 1762 565 1796 inscripta
583 1763 715 1797 leguntur
821 1765 837 1790 5
857 1764 1009 1790 Secundum
1021 1765 1127 1791 eandem
1144 1766 1383 1798 interpretationem
1398 1767 1514 1800 typicam
1527 1766 1662 1793 Iohannes
1675 1775 1758 1800 prosa
1776 1768 1805 1792 dc

153 1813 215 1845 vii-9.
229 1821 252 1839 c.
263 1813 323 1839 VH
335 1815 451 1848 quartus
464 1813 588 1848 paradisi
600 1823 703 1849 gurges
719 1815 820 1842 dicitur
915 1816 932 1841 6
950 1815 981 1842 de
994 1816 1137 1850 vir9.16.30
1151 1816 1233 1843 Dicta
1245 1817 1415 1850 rependebat
1431 1818 1554 1851 pandens
1567 1817 1689 1844 misteria
1704 1827 1804 1847 reruni:

154 1863 262 1890 Iurene.
276 1865 297 1891 I
303 1868 320 1892 8
339 1867 469 1893 aeternae
489 1866 614 1900 pandens
632 1866 767 1900 mysteria.
786 1866 869 1894 vitae.
891 1867 929 1893 M.
1031 1868 1045 1893 7
1056 1876 1109 1900 sqq.
1129 1868 1284 1893 Ambrosius
1303 1868 1366 1894 liber
1384 1868 1415 1894 de
1429 1868 1558 1901 paradiso
1577 1877 1598 1895 c.
1614 1869 1664 1895 III
1680 1871 1713 1903 cs.
1727 1870 1802 1895 etium

153 1915 241 1942 Sedul.
255 1916 305 1942 111
315 1920 364 1942 170
372 1924 427 1949 sqq.
510 1917 526 1943 9
543 1916 576 1943 de
588 1917 651 1950 virq.
665 1921 712 1943 744
727 1917 821 1944 mundi
835 1918 975 1944 nascentis
989 1917 1066 1952 origo
1081 1930 1112 1940 =
1126 1919 1237 1952 aeniqm.
1254 1922 1283 1944 76
1295 1918 1354 1951 (IV
1364 1920 1413 1952 15),
1430 1924 1440 1945 1
1522 1920 1554 1945 16
1574 1920 1665 1946 Ezecli.
1680 1925 1700 1952 1,
1715 1924 1751 1946 10.
1773 1936 1803 1938 —

155 1966 243 1994 Sedul.
259 1967 348 1993 11176
365 1976 444 1994 sacro
463 1967 614 2002 spiramine
633 1968 745 2002 plenum
766 1969 818 1999 M.,·
837 1968 868 1995 dc
882 1969 1043 2003 rir·y.1:›raes'.
1057 1973 1088 1995 25
1107 1978 1189 2003 quem
1209 1970 1331 1996 clamant
1350 1978 1427 1996 sacro
1446 1970 1596 2004 spiramine
1611 1973 1700 2001 vates;
1722 1980 1741 1997 r.
1754 1975 1803 1997 3⁹0·

154 2017 290 2045 Iohannes
309 2039 334 2045 ..
355 2027 433 2046 sacro
451 2019 601 2053 spiramine
621 2019 729 2053 plenus.
752 2020 792 2046 M.
921 2021 952 2046 17
974 2020 1151 2054 Hieronymus
1177 2021 1205 2046 in
1225 2021 1319 2047 Essech.
1342 2021 1359 2047 I
1371 2031 1399 2055 1¹·
1415 2026 1444 2048 10
1460 2022 1487 2048 V.
1506 2022 1549 2054 (V
1557 2026 1588 2048 22
1608 2023 1660 2055 M.)
1686 2023 1803 2053 Quidam

153 2071 274 2103 quatuor
293 2070 461 2105 Euangelia,
486 2079 555 2104 quos
577 2079 628 2098 nos
652 2080 762 2105 quoque
789 2071 815 2097 in
840 2072 981 2105 prooemio
1005 2072 1264 2099 commentariorum
1285 2073 1423 2099 Matthaei
1442 2075 1486 2106 (=
1505 2082 1594 2100 comm.
1610 2075 1636 2099 in
1656 2083 1690 2100 cr.
1705 2075 1802 2101 Manli.

150 2121 223 2154 prol.
250 2133 282 2143 =
308 2121 410 2148 VII19
435 2123 479 2148 M:
506 2122 598 2149 Prima
622 2123 743 2149 hominis
767 2122 852 2150 facies
879 2123 1053 2150 Matthaeum
1077 2123 1229 2158 significat,
1253 2124 1301 2157 qui
1326 2125 1405 2158 quasi
1431 2125 1464 2151 de
1489 2125 1600 2152 homine
1624 2135 1734 2152 exorsus
1762 2129 1804 2152 est

153 2172 288 2200 scribere:
317 2173 400 2200 Liber
424 2174 613 2208 generationis
637 2177 660 2201 et
684 2183 707 2208 q.
725 2176 757 2208 s.)
782 2174 871 2201 secuti
897 2184 1002 2205 sumuS,
1031 2175 1127 2201 horum
1155 2175 1317 2201 animalium
1342 2178 1445 2210 putant
1470 2177 1624 2203 nominibus
1649 2177 1802 2211 designari:

154 2224 303 2256 Matthaei,
323 2225 396 2258 quod
415 2226 496 2259 quasi
516 2225 655 2253 hominem
675 2226 866 2260 descripserit:
893 2226 974 2253 Liber
992 2226 1188 2261 generationis.
1208 2226 1258 2252 filii
1278 2226 1380 2255 David.
1405 2227 1453 2253 filii
1474 2228 1622 2255 Abraham.
1642 2232 1676 2262 cs.
1694 2228 1801 2254 Hieron.

153 2275 214 2302 adv.
234 2276 319 2302 Iovia.
339 2277 359 2302 I
370 2281 404 2303 26
423 2280 447 2304 et
461 2285 547 2311 prosa
565 2277 597 2303 de
616 2278 679 2311 viry.
698 2286 719 2303 c.
735 2277 834 2303 XXII
855 2281 878 2304 et
903 2278 1036 2304 XXIIII.
1055 2277 1177 2304 Sedulias
1197 2278 1248 2304 III
1260 2282 1304 2304 173
1316 2286 1369 2312 sqq.
1397 2279 1523 2310 Qualiter
1545 2288 1578 2306 ex
1603 2289 1657 2306 uno
1681 2280 1802 2313 paradisi

152 2327 228 2354 fonte
253 2328 385 2363 leguntur
413 2329 538 2361 Quatuor
559 2329 683 2364 insignes
707 2329 854 2363 procedere
880 2330 1004 2356 cursibus
1027 2338 1133 2361 amnes,
1157 2330 1196 2356 Ex
1215 2330 1316 2363 quibus
1340 2329 1367 2356 in
1393 2332 1482 2356 totum
1501 2334 1670 2365 sparguntur
1689 2331 1801 2357 flumina

153 2379 292 2405 mundum.
327 2379 430 2407 Florus
449 2381 487 2407 II
498 2384 527 2407 13
539 2389 593 2414 sqq.
613 2381 704 2413 (Plao
720 2381 823 2412 11516)
852 2381 990 2413 Quattuor
1014 2382 1083 2409 haec
1106 2390 1161 2408 uno
1185 2381 1346 2409 cecinerunt
1369 2390 1414 2408 ore
1433 2383 1510 2409 beati
1533 2383 1801 2426 (sc—euangelistae).

154 2429 295 2460 Quattuor
306 2433 339 2458 ut
351 2433 470 2466 surgunt
483 2432 606 2466 paradisi
621 2432 733 2459 flumina
747 2433 831 2466 fonte,
846 2433 922 2465 Quae
936 2435 1064 2460 cunctum
1080 2434 1158 2468 largo
1172 2434 1322 2461 secundant
1335 2433 1446 2468 gurgite
1461 2434 1590 2459 mundum
1680 2434 1710 2460 18
1730 2433 1798 2465 Vera

148 2488 234 2515 georg.
255 2481 360 2509 1V-209
382 2485 411 2510 et
434 2484 481 2510 avi
504 2486 685 2511 numerantur
703 2492 817 2511 avorum
838 2496 869 2506 =
888 2484 976 2511 Sedul.
996 2485 1077 2511 1311.
1104 2485 1143 2511 M.
1169 2486 1203 2517 ef.
1223 2493 1303 2511 carm.
1322 2484 1353 2510 cle
1374 2486 1504 2518 1·ir9.650
1616 2486 1692 2517 19sq.
1713 2484 1799 2510 m'cdul.

152 2531 169 2557 1
181 2535 228 2559 353
246 2533 398 2560 humanam
412 2534 546 2569 dignatus
559 2544 666 2562 sumere
679 2537 808 2567 formam;
828 2536 864 2561 ΙΙ
877 2539 910 2562 43
929 2535 1041 2563 verbum
1061 2544 1125 2563 caro
1144 2537 1249 2563 factum
1267 2548 1296 2558 =
1316 2536 1372 2562 1071„
1384 2543 1418 2561 cr.
1439 2540 1459 2567 1,
1477 2540 1511 2561 14.
1531 2550 1562 2554 —-
1581 2535 1612 2561 dc
1631 2536 1692 2569 rirq.
1706 2539 1755 2560 507
1771 2538 1797 2561 et

151 2585 264 2610 nostrae
282 2585 401 2619 sumpsit
419 2586 560 2613 cunabula
579 2586 671 2613 sarcis.
699 2590 759 2614 1636
767 2595 804 2620 sq.
823 2587 863 2613 Ex
883 2595 936 2620 quo
950 2587 1079 2614 Salvator
1098 2590 1208 2614 nostrae
1228 2587 1365 2614 cunabula
1385 2586 1475 2613 carnis
1494 2586 1652 2620 Sumpserat
1674 2587 1698 2612 in
1720 2586 1799 2611 ten-is

154 2635 308 2662 emundans
327 2636 443 2664 crimina
462 2637 555 2665 saecli.
575 2642 638 2665 1709
656 2639 800 2665 crucifixus
820 2639 955 2667 scelerata
976 2638 1088 2672 piacula
1107 2639 1225 2673 dempsit
