2022 3057
662 105 710 132 DE
730 105 821 132 VITA
840 106 1027 133 ALDHELMI
1047 108 1092 134 ET
1111 108 1285 136 SCRIPTIS.
1732 115 1796 142 XIII

146 192 240 224 nib-us
259 192 390 224 Latinis
413 191 576 232 desumpta
598 194 683 223 sunt.
725 192 855 224 Laudat
877 202 952 224 sanc
979 193 1171 225 Graecorum
1195 196 1396 228 traditionem
1415 198 1451 228 dr:
1466 198 1628 237 pliadibus
1647 212 1801 240 exponens

146 245 249 286 (epist.
266 243 309 275 ad
323 244 430 275 Aeirc.
445 254 479 283 p.
492 243 556 281 72),
579 244 634 275 scd
655 243 731 275 baec
753 254 864 275 nomen
886 244 986 276 solum
1008 246 1180 285 attinyunt,
1209 248 1467 286 quemadmodum
1490 260 1569 289 quae
1592 252 1630 283 de
1653 253 1802 285 schcmate

146 296 232 334 dicit,
255 296 305 327 cui
322 295 521 328 Graecorum
544 295 746 338 grammatici
765 296 882 327 climax
902 295 1082 327 vocabulum
1100 297 1287 330 indiderunt
1306 299 1344 338 (l.
1363 300 1382 331 l.
1395 311 1428 340 p.
1442 302 1491 339 74,
1512 302 1550 331 11)·
1570 302 1635 343 (ἦ).
1673 304 1801 336 Laudat

141 347 392 387 praxapostolon
419 347 475 386 (ib.
493 357 528 387 p.
547 348 596 384 70,
613 347 678 387 19),
712 346 765 378 sed
795 346 885 377 addit
914 347 1042 378 titulum
1073 347 1226 380 Latinum
1256 350 1357 381 Actus
1386 351 1608 390 Apostolorum
1640 365 1694 385 nec
1725 356 1800 387 (licit

145 399 327 439 quicquam,
356 399 439 438 quod
464 398 582 430 Graeco
610 400 712 436 sonct;
745 398 778 429 in
806 408 902 437 prosa
926 399 962 430 de
986 399 1165 439 viryinitatc
1188 411 1212 432 c.
1230 400 1333 433 LVII
1354 404 1553 443 septuayinla
1577 406 1801 438 translatorum

144 451 315 482 versionem
338 450 458 487 laudat,
487 449 542 481 sed
563 449 666 488 affert,
696 460 777 489 quae
806 460 844 481 eoe
866 451 1000 490 antiqua
1017 453 1206 493 ,testamenti
1234 454 1344 484 veteris
1374 455 1511 486 versione
1534 459 1608 487 sunt
1630 457 1799 497 desumpta.

145 501 299 533 Nominat
322 512 422 543 prosa
451 502 488 533 de
518 501 594 541 viry.
619 512 643 533 c.
660 501 783 533 XXIX
809 502 993 540 Homerum,
1022 513 1053 542 p.
1072 504 1123 541 83,
1141 505 1160 533 4
1188 504 1319 536 Homeri
1341 505 1467 544 Iliada,
1500 507 1553 538 scd
1576 518 1637 546 pro
1660 510 1803 549 esi-empto,

145 553 282 593 dicitque
297 564 333 593 p.
349 553 424 592 202,
440 554 483 585 22
509 553 682 585 Hesiodum
709 555 737 584 et
764 553 934 585 Homerum
962 557 991 585 et
1018 557 1130 586 ceteros
1156 556 1291 587 Graecos
1319 557 1547 598 quadrifariam
1575 561 1803 601 agriculturam

146 605 394 646 deprompsisse,
417 605 472 636 scd
493 605 570 636 llaec
595 605 663 644 ipsa
686 605 811 637 nullum.
835 616 941 637 corum
965 606 1071 646 legyisse
1089 607 1322 646 demonstrant,·
1340 620 1373 648 p.
1392 612 1440 647 76,
1459 611 1476 640 1
1501 611 1680 642 Aristotelis
1700 612 1802 654 philo-

145 657 319 698 sophorum
343 657 492 689 acerrimi
515 657 694 697 aeniymata
719 668 786 688 eum
812 657 956 695 Simfosii
978 659 1206 698 (tenigymatibus
1231 661 1392 699 componit,
1423 662 1483 698 scd,
1508 673 1588 701 quae
1610 663 1646 694 dc
1669 664 1713 694 eis
1733 675 1803 702 pro-

140 708 217 749 fert,
240 719 278 740 ea:
293 707 487 749 Hieronymo
510 709 664 740 adversus
680 709 832 748 Rufinum
856 710 919 740 ΙΙΙ
932 711 975 740 29
998 710 1178 750 desumpsit.
1215 711 1255 742 In
1272 722 1372 750 prosu
1395 713 1432 744 de
1454 714 1634 753 riroinitate
1657 726 1681 746 e.
1698 715 1808 747 XVII

145 759 299 791 Sanctum
326 760 490 792 Basilium
520 763 635 792 narrat
662 771 734 801 crya
765 763 798 792 ta
825 771 863 792 esc
889 771 1011 793 emeron
1038 762 1185 800 edidisse,
1214 763 1268 793 sed
1293 764 1383 795 addit
1412 766 1519 796 statim
1547 766 1704 798 translata
1728 767 1803 798 haec

146 820 210 842 esse
236 812 268 842 in
283 811 455 850 Latinum3
479 813 518 850 cs.
543 812 636 843 etiam
655 811 765 843 ‹scones
787 812 821 842 in
846 811 915 843 lee
933 812 1118 853 Cambridqe
1140 812 1211 844 laist.
1235 814 1274 855 of
1284 814 1418 855 Enylislz
1442 816 1487 847 lit.
1512 817 1535 848 I
1548 820 1598 849 77.
1636 818 1798 850 Nimirum

144 863 181 894 in
204 863 347 895 omnibus
369 863 451 895 hisce
474 863 597 894 nullum
624 864 766 895 cernitur
794 864 969 903 vestigium,
1000 873 1059 902 quo
1087 874 1120 894 eo
1149 864 1308 903 ducimur,
1339 869 1374 897 ut
1405 867 1640 906 concludamus,
1664 880 1742 909 quae
1766 870 1799 900 in

148 913 341 946 Graecorum
371 916 488 947 notitia
517 916 667 955 inceperit
694 916 815 953 Cantii,
842 917 949 954 postea
976 926 1045 946 eum
1075 917 1275 947 continuasse
1297 920 1325 947 ct
1347 928 1524 957 usurpasse.
1570 920 1656 951 Idem
1680 922 1802 952 ‹lemon—

144 969 250 998 strant
280 968 482 998 tenuissimae
508 977 692 1007 yraeearum
723 968 900 1005 s'ormarum
932 967 1100 1006 (naucleru
1128 967 1200 1005 230,
1219 969 1268 1005 13,
1301 968 1432 1000 threnus
1459 982 1474 1000 c
1488 972 1588 1011 2123)
1619 974 1648 1002 et
1675 983 1803 1011 gyraeeac

145 1018 291 1049 dictionis
321 1019 407 1058 (cata
438 1019 698 1060 experimentum
722 1020 794 1055 491,
810 1020 852 1050 20
881 1018 922 1050 ad
950 1019 1070 1050 doxam
1099 1021 1259 1050 onomatis
1283 1021 1372 1061 cyrii)
1406 1021 1558 1061 reliquiae
1587 1025 1615 1053 et
1645 1024 1803 1055 verborum

141 1080 325 1110 yraecorum
355 1070 410 1110 (cf.
432 1081 463 1109 p.
482 1071 532 1109 95,
549 1072 650 1110 4sqq.,
680 1070 751 1108 199,
767 1071 896 1110 ZISqq.)
927 1070 1151 1109 interpretatio.
1198 1071 1309 1111 Itaque
1333 1082 1371 1103 ne
1396 1073 1429 1102 in
1453 1074 1589 1105 metricis
1611 1075 1733 1113 quidem
1756 1086 1801 1113 ea,

144 1131 227 1161 quae
249 1121 336 1160 apud
349 1121 487 1153 Latinos
509 1132 573 1153 non
595 1123 750 1161 leyuntur,
774 1122 818 1153 ad
835 1122 974 1154 Graecos
988 1123 1092 1160 fontes
1108 1123 1270 1160 reserenda
1287 1134 1350 1154 esse
1366 1124 1505 1156 arbitror
1527 1125 1567 1166 cf.
1585 1126 1628 1156 ad
1638 1136 1673 1166 p.
1687 1127 1737 1166 91,
1750 1128 1802 1158 22.

145 1174 195 1212 94,
211 1175 262 1204 13.
303 1173 416 1204 Etiam
440 1173 596 1205 Hebraice
619 1185 688 1205 eum
712 1174 859 1205 didicisse
881 1176 910 1205 et
932 1174 1165 1215 prophetarum
1189 1175 1350 1216 exempla,
1374 1175 1509 1207 Davidis
1533 1177 1683 1219 psalmos,
1711 1178 1801 1209 Salo-

144 1226 248 1257 monis
269 1225 332 1257 tria
350 1225 514 1257 volumina
529 1225 702 1257 Hebraicis
725 1226 841 1257 litteris
864 1225 948 1257 bene
971 1226 1099 1257 novisse
1124 1229 1157 1257 et
1179 1226 1287 1267 legem
1303 1226 1480 1259 Mosaicam
1497 1228 1648 1260 Farieius
1670 1229 1802 1261 tradidit

144 1278 189 1318 (p.
201 1277 266 1308 357
279 1277 344 1319 G),
367 1277 422 1308 sed
436 1277 560 1309 nullu-m
577 1278 788 1309 testimonium
804 1277 850 1309 vel
865 1277 1082 1309 documentum
1099 1277 1174 1308 talis
1193 1278 1354 1309 doctrinae
1372 1281 1489 1317 emat,-
1507 1290 1582 1311 nam
1599 1291 1693 1312 mene
1713 1281 1802 1313 tekel

144 1329 263 1371 phares
281 1339 314 1368 p.
329 1329 402 1367 251,
418 1330 461 1361 23
482 1328 531 1360 nil
549 1329 672 1368 probat.
718 1329 872 1361 Scientiae
893 1329 1011 1369 9loria,
1039 1339 1103 1369 qua
1128 1329 1306 1370 ferebatur,
1336 1331 1430 1361 etiam
1457 1331 1513 1362 hoc
1534 1333 1698 1371 postulare
1719 1333 1803 1364 vide-

144 1381 237 1412 batur
258 1383 295 1412 ut
317 1381 511 1418 crederetur,·
538 1391 619 1420 quae
643 1381 680 1412 de
701 1381 882 1412 nominibus
904 1381 1059 1412 hebraicis
1081 1381 1171 1419 dicit,
1201 1392 1239 1412 ex
1262 1381 1454 1422 Hieronymo
1477 1385 1638 1414 mutuatus
1660 1387 1711 1415 est.
1758 1385 1803 1415 At

144 1435 255 1465 eontra
276 1433 415 1464 musicae
437 1433 542 1464 studio
565 1432 766 1464 Aldhelmum
793 1432 967 1465 Cantuarii
993 1443 1024 1463 se
1047 1432 1211 1472 diliyerztei·
1234 1433 1365 1471 dedisse,
1394 1434 1439 1464 eis
1461 1434 1627 1465 verisimile
1647 1436 1692 1474 fit,
1723 1446 1802 1475 quae

144 1484 181 1515 de
204 1494 237 1516 eo
259 1484 413 1516 cantandi
429 1485 625 1525 peritissimo
641 1485 775 1524 prodita
798 1487 883 1516 sunt.
933 1484 1056 1524 Quanto
1083 1487 1188 1515 autem
1216 1495 1320 1516 amore
1343 1488 1523 1525 quantaque
1544 1487 1648 1525 qratia
1673 1486 1801 1518 coluerit

145 1536 365 1574 Hadrianum,
396 1536 546 1576 epistulae
575 1548 671 1578 quam
703 1538 746 1569 ad
771 1548 843 1569 eum
871 1538 1000 1577 scripsit
1024 1536 1242 1578 fraymentum
1269 1538 1484 1578 epistulaeque
1510 1538 1656 1570 allocutio
1679 1539 1801 1577 docent,-

144 1588 308 1620 Theodori
339 1588 575 1631 archiepiscopi
603 1590 807 1621 scolasticum
836 1589 903 1629 ipse
925 1599 958 1620 se
981 1589 1057 1620 dicit
1080 1589 1115 1620 in
1137 1589 1317 1628 diplomatis
1339 1589 1564 1629 subscriptione
1588 1589 1713 1622 Kemble
1736 1591 1799 1622 eod.

144 1639 271 1680 diplom.
288 1640 309 1672 I
322 1641 364 1671 18
387 1641 432 1681 (a.
451 1642 537 1680 680).

247 1695 325 1727 Post
351 1696 456 1737 prima
480 1696 658 1739 elementa,
688 1707 769 1737 quae
796 1697 948 1737 quamdiu
980 1696 1111 1728 coluerit
1137 1707 1200 1728 non
1228 1700 1363 1733 constat,
1394 1698 1506 1728 iterum
1533 1698 1704 1730 Cantuarii
1732 1709 1801 1730 eum

143 1749 302 1779 versatum
324 1758 389 1780 esse
411 1758 449 1780 ex
472 1748 606 1787 epistula
629 1748 672 1780 ad
686 1748 895 1779 Hadrianum
914 1748 990 1779 data
1003 1751 1017 1788 (
1026 1748 1110 1780 Will.
1126 1748 1239 1780 Malm.
1258 1748 1361 1779 V189
1382 1759 1414 1788 p.
1428 1749 1493 1780 335
1508 1748 1567 1788 H.)
1582 1751 1801 1789 eoanoscimus,

144 1810 233 1839 quae,
264 1802 432 1840 antequam
457 1800 554 1831 abbas
577 1800 690 1841 factus
719 1802 808 1837 esset,
838 1800 957 1839 scripta
981 1810 1043 1831 csse
1065 1800 1205 1837 videtur,·
1234 1800 1369 1831 triennio
1393 1803 1558 1841 antequam
1587 1801 1646 1832 bac
1668 1801 1800 1841 epistula

143 1850 353 1882 Hadrianum
374 1851 503 1890 salutat,
527 1862 704 1893 corporeae
724 1843 907 1893 fragilitatis
925 1851 1102 1883 valitudine
1119 1862 1157 1882 ex
1172 1851 1273 1882 altera
1288 1852 1346 1882 liae
1361 1852 1557 1884 institutione
1577 1852 1801 1884 C'antuariensi

143 1903 269 1934 domum
291 1903 394 1934 redire
416 1913 449 1935 se
471 1906 611 1935 coactum
634 1913 697 1935 esse
719 1904 845 1941 scribit;
866 1903 923 1943 qui
946 1913 1016 1934 eum
1038 1913 1068 1934 a.
1086 1904 1150 1934 672
1174 1903 1286 1933 iterum
1306 1902 1478 1934 Cantuarii
1495 1903 1601 1944 fuisse
1615 1904 1799 1942 arbitratur,

144 1954 173 1985 is
195 1965 216 1985 a
239 1965 308 1986 vero
331 1954 419 1986 baud
441 1955 529 1995 lonye
551 1954 721 1987 aberrabit.

247 2011 343 2042 Anno
367 2011 428 2041 675
453 2011 509 2052 (cf.
527 2010 612 2042 Will.
629 2020 658 2051 p.
672 2010 735 2041 385
748 2010 808 2049 H.)
826 2011 899 2050 post
915 2009 1069 2049 Mailclufi
1094 2011 1219 2040 mortem
1242 2020 1261 2040 a
1279 2009 1453 2048 Leutlzerio,
1477 2021 1564 2050 quem
1587 2011 1686 2049 ipsum
1707 2010 1800 2041 Theo-

142 2062 240 2094 dorus
263 2062 439 2102 episcopum
462 2062 674 2100 ordinaverat,
697 2061 793 2093 abbas
811 2061 918 2102 faetus
940 2061 1189 2092 est'mo‘tuzsterii
1211 2061 1516 2099 Malmesburiensis,
1541 2062 1592 2093 ubi
1616 2062 1798 2100 Pelitelmus‚

137 2114 266 2154 primus
284 2116 394 2153 postea
420 2114 585 2146 Candidae
607 2123 700 2145 casae
724 2113 885 2154 episcopus
908 2113 964 2153 (cs.
989 2112 1030 2143 H.
1050 2112 1157 2150 Halm,
1182 2112 1326 2153 Bonifas
1342 2123 1378 2152 p.
1396 2113 1458 2143 163
1468 2114 1557 2154 sqq),
1581 2113 1733 2144 diaconus
1757 2112 1802 2144 vel

143 2165 313 2197 monachus
341 2175 410 2197 cum
439 2176 473 2198 co
501 2166 623 2197 vixerat
646 2165 754 2206 (Beda
778 2164 807 2194 V
819 2165 884 2205 18),
916 2164 1087 2195 seeundum
1111 2163 1299 2196 Willelmum
1323 2164 1403 2204 (III
1415 2166 1477 2195 115
1495 2175 1528 2206 p.
1546 2165 1610 2195 257
1621 2164 1679 2201 H.)
1703 2164 1798 2195 disci-

143 2217 268 2259 pulatui
299 2218 368 2249 eius
399 2219 598 2256 interfuerat.
649 2217 746 2249 Hunc
775 2226 896 2247 annum
926 2215 1045 2248 indicat
1068 2215 1246 2247 Willelmus·
1275 2226 1313 2247 ex
1341 2226 1378 2247 ca
1408 2217 1490 2257 ipsa,
1524 2226 1586 2255 qua
1615 2215 1800 2247 Leutlierius

143 2269 309 2300 Aldlielmo
338 2271 366 2300 et
395 2269 555 2301 abbatiam
586 2271 614 2300 et
641 2268 723 2300 bona
749 2267 934 2299 monasterii
958 2267 1147 2305 tradiderat,
1174 2267 1283 2298 charta
1305 2267 1349 2307 (p.
1366 2267 1439 2298 334.
1463 2268 1526 2297 348
1542 2266 1594 2304 Η.,
1625 2266 1800 2305 Wriyhtius

145 2319 256 2361 Bioyr.
272 2320 361 2352 Brit.
379 2321 403 2353 I
414 2322 479 2353 212
490 2321 513 2361 ¹)
533 2320 622 2362 falso
645 2330 714 2351 eam
736 2329 821 2351 anno
845 2320 907 2350 680
930 2319 1036 2350 datam
1060 2328 1124 2350 esse
1146 2318 1251 2359 dieit)‚·
1281 2318 1349 2349 lieet
1371 2318 1407 2349 de
1430 2318 1556 2349 chartae
1580 2318 1680 2359 ipsius
1704 2317 1800 2348 verbis

144 2381 182 2402 ac
205 2373 309 2403 tenore
331 2372 473 2404 dubitari
493 2373 592 2412 possit
615 2373 669 2413 (cf.
687 2382 767 2412 quae
790 2371 834 2402 ad
855 2381 922 2402 eam
946 2371 1047 2412 ipsam
1070 2370 1220 2401 adnotavi
1241 2373 1270 2401 et
1292 2369 1451 2408 Boenlzoff
1463 2380 1496 2409 p.
1515 2371 1579 2409 60),
1609 2369 1646 2400 de
1668 2371 1799 2409 tempore

144 2423 214 2464 ipso
236 2423 379 2455 dubitari
402 2434 466 2455 non
484 2426 602 2466 potest‚·
630 2424 712 2464 quod
734 2423 922 2455 Florentius
943 2422 1183 2454 Worcestrensis
1205 2421 1384 2461 (Plummer
1406 2421 1449 2452 ad
1470 2421 1590 2452 Bcdam
1617 2420 1660 2451 II
1671 2420 1749 2459 309)
1771 2421 1798 2450 et

143 2474 294 2506 Faricius
317 2475 362 2515 (p.
380 2476 443 2506 380
462 2476 518 2516 G.)
540 2475 741 2507 Aldhelmum
765 2485 848 2506 anno
872 2474 1062 2506 Dominicae
1086 2474 1313 2505 incarnationis
1336 2473 1570 2505 sexcentesimo
1595 2471 1797 2513 sexagesimo

145 2529 178 2557 et
201 2527 327 2558 circiter
349 2531 441 2560 sexto
465 2539 485 2559 α
501 2527 603 2559 Beato
622 2527 814 2559 Eleutherio
837 2526 1016 2558 ordinatum
1040 2535 1102 2557 esse
1125 2527 1249 2563 narrat,
1273 2527 1356 2556 stare
1378 2524 1468 2555 nullo
1490 2523 1576 2554 modo
1592 2525 1701 2562 potest,
1725 2532 1798 2561 quo·

144 2576 234 2608 niam
256 2597 298 2600 —
320 2581 358 2610 ut
379 2579 437 2611 boc
458 2589 556 2611 unum
579 2579 717 2618 afferam
743 2597 783 2601 -
808 2577 998 2609 Leutherius
1025 2587 1110 2608 anno
1133 2576 1255 2608 demum
1281 2577 1344 2607 670
1367 2575 1410 2607 ad
1431 2575 1639 2615 episcopatum
1656 2573 1798 2615 pervenit

145 2627 188 2669 cf.
206 2628 350 2662 Willelm.
367 2630 481 2662 Malm.
499 2641 534 2671 p.
553 2631 615 2662 159
626 2630 681 2668 Η.,
705 2629 867 2662 Plummer
881 2629 925 2661 ad
939 2629 1059 2660 Bedam
1075 2628 1139 2660 ΙΙΙ
1152 2630 1172 2658 7
1188 2637 1223 2667 p.
1239 2627 1301 2658 141
1318 2627 1376 2668 (II
1388 2637 1424 2667 p.
1440 2627 1527 2666 147).
1561 2625 1681 2657 Abbate
1695 2626 1796 2655 autem

250 2736 275 2769 1)
300 2734 452 2770 Wriyhtius
471 2734 487 2761 l.
501 2734 517 2761 l.
535 2742 561 2768 p.
574 2737 625 2761 209
642 2742 701 2760 eum
719 2733 795 2760 circa
813 2740 915 2758 annum
936 2735 984 2758 656
1002 2733 1098 2757 natum
1116 2738 1168 2757 esse
1185 2730 1328 2764 suspicans
1346 2729 1473 2756 Willelmo
1490 2728 1553 2755 duci
1570 2726 1686 2754 credidit.
