2183 3077
818 106 986 133 cARM1NA
1000 106 1235 133 RHYTHMICA.
1785 112 1846 141 525

386 226 389 228 v
432 192 516 223 Dum
541 196 656 223 tremet
680 192 788 223 mundi
813 192 961 223 machina
1207 193 1307 224 Simul
1332 195 1431 235 ruptis
1455 194 1624 226 radicibus.

431 243 495 274 Sub
521 248 686 274 ventorum
711 243 906 274 monarchia.
1134 257 1158 274 ις,
1204 244 1317 286 Neque
1343 249 1453 285 guttae
1478 245 1640 286 graciliter

430 294 525 332 Ecce,
550 298 704 325 nocturno
726 298 882 335 tempore,
1206 295 1391 336 Manabant,
1415 296 1472 327 sed
1497 297 1665 327 minaciter

360 359 384 377 ρο
430 346 509 376 Orto
534 345 672 376 brumali
697 345 833 384 turbine,
1206 346 1316 377 Mundi
1342 350 1444 378 rotam
1470 347 1648 378 rorantibus

432 396 586 432 Quatiens
610 400 728 427 terram
753 399 929 437 tempestas
1207 396 1423 428 Umectabant
1447 408 1517 428 cum
1543 398 1705 430 imbribus.

430 447 595 478 Tui-habat
619 451 715 488 atque
740 448 882 483 vastitas,
1207 448 1287 479 Cum
1313 449 1526 489 praepollenti
1552 449 1658 489 pluvia

431 498 512 530 Cum
537 499 638 529 fracto
663 500 748 529 venti
773 498 884 529 federe
1135 512 1159 529 ,πυ
1204 498 1319 530 Essent
1343 500 1460 530 referta
1484 500 1624 539 flumina,

429 550 651 581 Baeharentur
673 550 704 580 in
729 550 862 581 aethere
1208 550 1315 581 Turbo
1341 555 1458 581 terram
1484 551 1638 582 teretibus

357 614 381 632 2⁵
426 600 468 631 Et
492 605 585 642 rupto
610 601 786 631 retinaculo
1207 601 1422 633 Grassabatur
1445 602 1662 643 grandinibuS,

430 652 626 683 Desevirent
648 653 679 683 in
704 653 841 683 saeculo.
1208 653 1299 688 Quae
1325 655 1512 684 catervatim
1537 654 1671 685 caelitus

429 703 510 734 Tum
535 703 684 734 libertate
709 703 811 744 potita
1208 704 1403 735 Crebrantur
1427 705 1523 745 nigris
1547 704 1693 736 nubibus.

429 754 471 785 Et
494 755 647 785 servitute
671 754 777 795 sopita
1136 769 1159 786 ,πῇ
1205 755 1320 796 Neque
1345 755 1506 787 caelorum
1531 757 1670 787 culmina

429 805 539 847 Spissa
563 806 670 836 statim
695 806 868 846 spiramina
1207 806 1325 837 Carent
1349 811 1504 838 nocturna
1527 807 1654 846 nebula,

358 870 384 889 ³0
428 857 536 888 Duelli
561 857 678 888 ducunt
702 858 840 899 agmina,
1207 857 1350 893 Quorum
1377 858 1508 899 pulchra
1532 858 1680 899 planities

430 909 554 944 Quibus
578 908 626 939 bis
650 919 727 939 sena
751 909 881 940 nomina
1207 909 1401 940 Pei-lucebat
1425 913 1460 940 ut
1483 909 1613 950 glacies,

428 960 616 991 Indiderunt
640 960 812 991 volumina.
1206 959 1319 991 Donec
1344 960 1452 991 nimbo
1476 970 1513 990 ac
1537 960 1672 991 nubibus

429 1011 553 1042 Horum
577 1011 706 1051 archon,
731 1012 882 1042 atrociter
1135 1024 1160 1042 60
1206 1011 1310 1042 Torve
1336 1014 1487 1052 teguntur
1509 1011 1660 1042 trucibus.

428 1063 563 1094 Fumam
588 1073 727 1101 verrens,
752 1063 904 1093 ferociter
1206 1062 1289 1093 Nam
1315 1063 1542 1093 tenebrescunt
1565 1062 1689 1094 turbine

356 1127 380 1146 st,
424 1114 629 1145 Furibundus
653 1124 724 1144 eum
748 1114 877 1144 flamine
1205 1113 1358 1154 Disrupto
1382 1123 1489 1144 rerum
1514 1114 1624 1145 ordine

428 1165 590 1197 Veniebat
614 1176 633 1196 a
656 1165 795 1204 cardine,
1206 1164 1389 1196 Germanae
1413 1164 1538 1196 Phoebi
1563 1166 1690 1196 numina

427 1216 520 1248 Unde
545 1217 668 1247 Titanis
691 1216 812 1247 torrida
1206 1217 1315 1257 Atque
1340 1216 1507 1256 praeclara
1530 1216 1667 1252 lumina;

427 1268 595 1299 Labuntur
618 1267 802 1304 luminaria3
1133 1279 1157 1297 6⁵
1203 1267 1317 1308 Neque
1341 1267 1501 1308 flagrabat
1523 1268 1703 1308 flammiger

428 1319 574 1360 Cumque
598 1319 692 1350 flatus
715 1320 868 1350 victoriae
1206 1318 1329 1349 Ductor
1353 1319 1477 1349 dierum
1501 1319 1640 1358 Lucifer,

355 1384 380 1402 40
424 1370 496 1401 Non
521 1370 664 1402 furerent
687 1371 854 1412 ingloriae,
1206 1369 1293 1400 Sicut
1317 1370 1398 1401 solet
1422 1370 1589 1411 sepissime

428 1422 605 1453 Tremebat
628 1422 724 1453 tellus
748 1421 876 1452 turbida
1205 1421 1364 1452 Auratum
1389 1421 1476 1452 sidus
1500 1431 1642 1462 surgere.

426 1474 534 1514 Atque
560 1477 651 1504 eruta
674 1473 790 1504 robora
1206 1472 1271 1504 Sed
1295 1476 1446 1504 caecatus
1470 1473 1607 1514 caligine

429 1524 598 1556 Cadebant
621 1535 691 1555 cum
716 1524 888 1556 verticibus
1134 1537 1158 1555 ω
1204 1523 1310 1555 Velud
1334 1524 1424 1555 furva
1448 1524 1592 1565 fuligine.

290 1669 325 1696 23
346 1671 418 1696 fracti
446 1671 466 1694 Γ
538 1670 571 1695 33
589 1671 700 1696 arclions
724 1671 748 1694 V
814 1670 847 1696 34
867 1670 980 1695 *famam
1006 1670 1034 1700 V,
1054 1671 1153 1695 sumum
1172 1668 1245 1700 Jaffe'
1262 1670 1296 1702 cf.
1311 1669 1355 1693 IV
1367 1671 1406 1701 23,
1432 1671 1502 1695 fuma
1522 1674 1588 1694 terra
1610 1669 1691 1695 C.Gl.
1712 1669 1802 1700 V240‚
1812 1670 1842 1693 21

186 1718 208 1738 et
228 1714 263 1738 al.
283 1714 317 1745 cf.
332 1713 378 1738 JV
389 1715 421 1738 23
501 1713 534 1738 35
553 1715 672 1739 flammae
693 1714 716 1736 Γ
793 1713 827 1739 40
846 1715 953 1739 furirent
972 1713 995 1737 V
1073 1712 1107 1738 58
1124 1713 1217 1745 glaties
1237 1712 1260 1735 Γ
1338 1712 1372 1737 61)
1391 1713 1512 1737 crucibus
1531 1712 1554 1735 Γ
1629 1712 1664 1737 63
1681 1720 1802 1744 germane
1821 1711 1846 1734 Γ

185 1755 220 1781 66
237 1757 326 1781 doctor
352 1756 375 1779 V

290 1893 321 1918 17
349 1891 427 1918 Aldh.
446 1899 528 1917 carm.
552 1891 582 1917 de
608 1891 671 1924 πίνῃ.
692 1899 712 1916 ι’.
732 1894 781 1917 158
808 1891 963 1925 praesentis
987 1891 1116 1918 machina
1140 1891 1235 1917 mundi
1260 1890 1415 1916 Duenmzler
1437 1893 1472 1923 cs'.
1494 1899 1515 1917 r.
1537 1894 1607 1917 1352.
1631 1893 1704 1916 1386.
1727 1893 1792 1916 1679
1815 1892 1839 1915 et

185 1942 296 1976 aeniqm.
312 1946 358 1969 100
376 1942 492 1975 (ΧΙΙΙ),
509 1946 537 1969 78
563 1957 593 1961 -·
619 1942 651 1968 de
671 1942 734 1975 rivy.
754 1951 776 1969 v.
789 1946 838 1969 522
857 1942 1020 1969 monarchia
1038 1941 1133 1968 mundi
1147 1956 1176 1959 —
1188 1943 1288 1976 regnat
1306 1942 1342 1973 cf.
1363 1950 1383 1967 1·.
1400 1945 1445 1967 134
1551 1942 1585 1968 20
1604 1941 1738 1967 brumalis
1757 1940 1839 1967 turbo

185 2002 241 2020 non
259 1996 295 2020 est
314 1993 444 2021 hiemalis
462 1996 624 2028 tempestas,
643 2001 703 2019 cum
721 1993 810 2019 media
828 1996 928 2019 aestate
948 1994 982 2026 (r.
996 1994 1054 2025 182)
1077 1992 1193 2025 ineidat,
1217 1992 1261 2019 scd
1274 2005 1305 2015 =
1321 1992 1490 2019 ferocissima
1517 1994 1681 2027 tempestas,
1704 1994 1735 2017 ut
1761 1991 1840 2018 C.(r'I.

186 2045 283 2077 1V22‚
298 2049 322 2072 3.
342 2049 389 2072 473
407 2054 505 2080 aspera
525 2045 613 2072 hiems
631 2045 786 2072 declaratur
799 2053 849 2078 per
867 2044 992 2072 violenta
1011 2046 1165 2078 tempestas
1258 2044 1288 2070 31
1314 2044 1348 2070 U
1367 2047 1463 2070 auctm-
1482 2044 1687 2077 Hispericmwn
1704 2044 1839 2076 suminam

185 2097 330 2130 (p.13,.·26
353 2096 433 2124 Stow.
457 2096 581 2124 bissenos
605 2096 707 2130 phisici
737 2096 855 2123 efferunt
880 2095 1032 2130 zephiros),
1058 2098 1139 2129 poeta
1164 2095 1299 2121 Isidorum
1328 2096 1471 2128 resperisse
1493 2095 1594 2121 ridetur
1619 2095 1691 2128 Oriq.
1712 2094 1795 2121 XIII
1811 2099 1838 2121 11

185 2147 228 2181 (de
247 2150 304 2174 wat.
326 2156 416 2174 rerum
439 2148 606 2180 XXXVII)
634 2150 670 2181 cf.
693 2148 771 2174 etiam
793 2155 900 2174 carmen
927 2147 958 2173 de
978 2147 1062 2173 ventis
1079 2147 1187 2173 Anthol.
1210 2146 1274 2173 Lat.
1297 2155 1322 2172 η.
1337 2150 1387 2173 484
1398 2147 1441 2179 R„
1462 2150 1512 2172 123
1530 2148 1616 2180 atque
1640 2146 1681 2172 ita
1704 2145 1748 2172 bis
1773 2154 1838 2172 seno

185 2199 360 2226 circumdant
383 2199 492 2226 flamine
511 2200 643 2226 mundum
663 2199 718 2233 (sed
735 2199 771 2231 cf.
785 2199 865 2226 etiam
886 2198 917 2225 G.
930 2198 1028 2225 Becker
1045 2198 1081 2224 ad
1100 2198 1167 2224 Isia,
1189 2198 1230 2224 De
1254 2201 1309 2225 nat.
1332 2206 1381 2224 rer.
1400 2207 1429 2232 p.
1446 2198 1591 2230 XVIIII).
1630 2197 1694 2224 lsicl.
1717 2197 1760 2223 De
1782 2200 1838 2223 nat.

184 2259 236 2278 rer.
249 2251 409 2277 XXXVII
423 2251 575 2278 Ventorum
602 2251 708 2285 primus
731 2250 882 2278 cardinalis
901 2250 1061 2285 Septentrio
1084 2249 1202 2285 frigidus
1221 2252 1249 2276 et
1268 2249 1370 2276 nivalis
1389 2250 1438 2276 flat
1457 2251 1549 2276 rectus
1568 2249 1603 2275 ab
1623 2257 1681 2276 axe.
1709 2257 1790 2275 carm.
1808 2249 1839 2274 de

185 2303 268 2329 ventis
286 2302 398 2335 (Becker
416 2303 433 2329 l.
447 2303 475 2335 I.)
499 2311 520 2329 v.
534 2307 567 2329 60
593 2303 628 2329 Hi
650 2305 716 2330 sunt
739 2302 867 2329 bisseni
895 2302 1000 2336 quadro
1024 2301 1074 2328 sub
1101 2301 1213 2328 cardine
1238 2301 1313 2327 venti
1419 2301 1452 2327 34
1478 2301 1550 2334 Vct-9.
1571 2301 1638 2326 Aen.
1662 2300 1680 2326 Ι
1695 2304 1728 2327 59
1750 2300 1838 2326 maria

185 2361 218 2380 ac
237 2355 324 2380 terras
343 2353 506 2387 caelumque
530 2354 697 2388 profundum
718 2353 828 2388 Quippe
850 2353 943 2380 ferant
962 2352 1064 2385 (venti)
1088 2361 1180 2379 secum
1201 2355 1367 2385 verrantque
1387 2361 1436 2386 per
1455 2361 1537 2378 auras
1565 2351 1640 2378 Om‘d.
1661 2354 1717 2378 met.
1737 2351 1779 2377 VI
1792 2355 1838 2378 Τοῦ

185 2404 347 2438 pulveream
360 2419 392 2423 —
407 2405 493 2431 verrit
511 2405 626 2431 humum
713 2406 747 2431 47
775 2404 855 2431 Aldh.
872 2412 958 2437 prosa
981 2403 1013 2430 de
1036 2404 1100 2437 rioy.
1119 2412 1140 2430 c.
1156 2404 1204 2429 IX
1223 2412 1251 2437 p.
1267 2407 1352 2436 ²37'‚⁶
1375 2403 1548 2436 triquadram
1572 2402 1668 2429 mundi
1693 2404 1782 2429 rotam
1802 2401 1837 2428 D.

185 2455 219 2482 48
238 2454 318 2482 Aldh.
337 2456 411 2488 epist.
430 2456 466 2481 ad
488 2456 601 2482 Gerunt.
621 2465 649 2490 p.
667 2460 748 2488 485,5
771 2455 934 2488 (dominicos
958 2455 1043 2489 pedes
1067 2455 1134 2481 fusis
1156 2455 1346 2487 lacrimarum)
1371 2454 1505 2481 imbribus
1525 2455 1712 2480 umectantem
1732 2453 1781 2484 D.‚
1807 2452 1838 2478 dc

186 2507 251 2540 virg.
267 2515 286 2532 r.
303 2510 365 2532 1907
383 2509 524 2534 umectans
538 2507 674 2534 imbribus
687 2509 759 2540 (ora)
774 2519 804 2530 =
817 2516 897 2534 carm.
911 2507 997 2534 eccles.
1014 2507 1028 2532 l
1040 2511 1061 2533 9.
1082 2506 1144 2533 Ilo
1231 2508 1262 2532 51
1285 2506 1366 2532 turbo
1380 2508 1481 2532 terram
1496 2505 1677 2539 grassabatur
1695 2504 1730 2536 cs.
1750 2503 1777 2530 0.
1792 2503 1835 2529 Gl.

192 2557 218 2582 V
230 2560 292 2590 299,
307 2561 340 2584 17
355 2558 474 2592 grassari
494 2558 642 2585 humiliare
661 2559 744 2586 ferire
764 2559 878 2586 caedere
967 2559 1000 2584 55
1028 2558 1105 2592 infra
1123 2567 1145 2584 v.
1160 2562 1192 2583 94
1213 2558 1271 2584 late
1291 2566 1339 2591 per
1359 2557 1428 2584 caeli
1450 2556 1569 2582 culmina
1589 2557 1623 2589 cs.
1643 2556 1721 2581 eliam
1739 2554 1835 2581 11734.

192 2608 218 2633 V
227 2613 262 2635 15.
291 2608 372 2635 Aldh.
390 2609 420 2635 de
439 2610 501 2644 πίνῃ.
521 2619 541 2636 r.
556 2613 572 2636 2
594 2610 700 2637 Lucida
719 2610 857 2645 stelligeri
880 2610 927 2644 qui
951 2609 1046 2636 condis
1066 2609 1189 2635 culmina
1209 2608 1291 2637 caeli.
1318 2617 1337 2634 r.
1351 2611 1419 2634 ‘2816
1441 2607 1576 2641 stelligeri
1597 2607 1762 2633 scandentes
1781 2606 1836 2632 cul-

188 2660 263 2686 mina
284 2660 370 2692 caeli,
399 2664 497 2687 1:285?
514 2670 563 2695 per
581 2661 653 2688 caeli
672 2661 793 2688 culmina
812 2661 900 2687 sancti
996 2661 1028 2686 57
1052 2660 1145 2687 11153
1168 2659 1285 2693 pulchra
1305 2668 1353 2686 ceu
1375 2658 1507 2692 planities
1600 2657 1632 2684 70
1657 2657 1735 2684 Aldh.
1753 2665 1835 2690 prosu

185 2710 220 2737 de
238 2712 302 2745 riry.
319 2711 425 2738 XLIV
435 2719 463 2744 p.
477 2715 574 2744 296,21
593 2712 636 2745 (ut
655 2713 834 2743 cacabatum)
854 2713 950 2739 furvae
969 2711 1096 2746 fuliginis
1114 2711 1326 2743 (atramentum)
1346 2711 1379 2736 D.
