<?xml version="1.0" encoding="UTF-8"?>
<!DOCTYPE html PUBLIC "-//W3C//DTD XHTML 1.0 Transitional//EN"
    "http://www.w3.org/TR/xhtml1/DTD/xhtml1-transitional.dtd">
<html xmlns="http://www.w3.org/1999/xhtml" xml:lang="en" lang="en">
 <head>
  <title>
</title>
<meta http-equiv="Content-Type" content="text/html;charset=utf-8" />
  <meta name='ocr-system' content='tesseract 3.04.00' />
  <meta name='ocr-capabilities' content='ocr_page ocr_carea ocr_par ocr_line ocrx_word'/>
</head>
<body>
  <div class='ocr_page' id='page_1' title='image "./monumentagerman15geseuoft/monumentagerman15geseuoft_0020.png"; bbox 0 0 2058 3062; ppageno 0'>
   <div class='ocr_carea' id='block_1_1' title="bbox 234 158 1363 199">
    <p class='ocr_par' dir='ltr' id='par_1_1' title="bbox 234 158 1363 199">
     <span class='ocr_line' id='line_1_1' title="bbox 234 158 1363 199; baseline -0.012 0"><span class='ocrx_word' id='word_1_1' title='bbox 234 173 298 199; x_wconf 85' lang='lat' dir='ltr'><em>XIV</em></span> <span class='ocrx_word' id='word_1_2' title='bbox 754 165 799 192; x_wconf 89' lang='lat' dir='ltr'><em>DE</em></span> <span class='ocrx_word' id='word_1_3' title='bbox 819 164 906 190; x_wconf 79' lang='lat' dir='ltr'>VITA</span> <span class='ocrx_word' id='word_1_4' title='bbox 926 161 1111 190; x_wconf 86' lang='lat' dir='ltr'>ALDHELMI</span> <span class='ocrx_word' id='word_1_5' title='bbox 1130 160 1175 187; x_wconf 81' lang='lat' dir='ltr'><em>ET</em></span> <span class='ocrx_word' id='word_1_6' title='bbox 1195 158 1363 186; x_wconf 88' lang='lat' dir='ltr'><em>SCRIPTIS.</em></span> 
     </span>
    </p>
   </div>
   <div class='ocr_carea' id='block_1_2' title="bbox 234 242 1899 2298">
    <p class='ocr_par' dir='ltr' id='par_1_2' title="bbox 234 242 1882 443">
     <span class='ocr_line' id='line_1_2' title="bbox 234 242 1882 296; baseline -0.01 -6"><span class='ocrx_word' id='word_1_7' title='bbox 234 258 395 291; x_wconf 74' lang='lat' dir='ltr'><em>Aldlielmo</em></span> <span class='ocrx_word' id='word_1_8' title='bbox 405 257 440 296; x_wconf 73' lang='lat'><em>¹),</em></span> <span class='ocrx_word' id='word_1_9' title='bbox 457 255 512 295; x_wconf 81' lang='lat' dir='ltr'><em>qui</em></span> <span class='ocrx_word' id='word_1_10' title='bbox 526 255 619 285; x_wconf 79' lang='lat' dir='ltr'><em>etia-m</em></span> <span class='ocrx_word' id='word_1_11' title='bbox 637 253 695 284; x_wconf 84' lang='lat' dir='ltr'><em>hac</em></span> <span class='ocrx_word' id='word_1_12' title='bbox 718 262 751 283; x_wconf 90' lang='lat' dir='ltr'><em>re</em></span> <span class='ocrx_word' id='word_1_13' title='bbox 769 249 964 283; x_wconf 81' lang='lat' dir='ltr'><em>Britanniae</em></span> <span class='ocrx_word' id='word_1_14' title='bbox 982 257 1057 279; x_wconf 82' lang='lat' dir='ltr'><em>suae</em></span> <span class='ocrx_word' id='word_1_15' title='bbox 1079 249 1107 279; x_wconf 91' lang='lat' dir='ltr'><em>ct</em></span> <span class='ocrx_word' id='word_1_16' title='bbox 1129 246 1269 278; x_wconf 79' lang='lat' dir='ltr'><em>ecelesiae</em></span> <span class='ocrx_word' id='word_1_17' title='bbox 1285 245 1446 276; x_wconf 87' lang='lat' dir='ltr'><em>Romanae</em></span> <span class='ocrx_word' id='word_1_18' title='bbox 1463 244 1610 285; x_wconf 78' lang='lat' dir='ltr'><em>prodesse</em></span> <span class='ocrx_word' id='word_1_19' title='bbox 1627 243 1755 281; x_wconf 78' lang='lat' dir='ltr'><em>volebat,</em></span> <span class='ocrx_word' id='word_1_20' title='bbox 1778 242 1882 274; x_wconf 77' lang='lat' dir='ltr'><em>schola</em></span> 
     </span>
     <span class='ocr_line' id='line_1_3' title="bbox 236 294 1882 342; baseline -0.01 -1"><span class='ocrx_word' id='word_1_21' title='bbox 236 307 526 342; x_wconf 69' lang='lat' dir='ltr'><em>Malmesburieazsis</em></span> <span class='ocrx_word' id='word_1_22' title='bbox 555 305 691 337; x_wconf 83' lang='lat' dir='ltr'><em>celeriter</em></span> <span class='ocrx_word' id='word_1_23' title='bbox 717 303 760 334; x_wconf 80' lang='lat' dir='ltr'><em>ad</em></span> <span class='ocrx_word' id='word_1_24' title='bbox 788 312 857 333; x_wconf 88' lang='lat' dir='ltr'><em>eum</em></span> <span class='ocrx_word' id='word_1_25' title='bbox 886 301 992 339; x_wconf 79' lang='lat' dir='ltr'><em>florem</em></span> <span class='ocrx_word' id='word_1_26' title='bbox 1020 302 1065 331; x_wconf 86' lang='lat' dir='ltr'><em>est</em></span> <span class='ocrx_word' id='word_1_27' title='bbox 1092 299 1242 335; x_wconf 83' lang='lat' dir='ltr'><em>adducta,</em></span> <span class='ocrx_word' id='word_1_28' title='bbox 1271 306 1331 337; x_wconf 86' lang='lat' dir='ltr'><em>quo</em></span> <span class='ocrx_word' id='word_1_29' title='bbox 1354 299 1421 327; x_wconf 84' lang='lat' dir='ltr'><em>tum</em></span> <span class='ocrx_word' id='word_1_30' title='bbox 1443 306 1532 327; x_wconf 81' lang='lat' dir='ltr'><em>usam</em></span> <span class='ocrx_word' id='word_1_31' title='bbox 1555 304 1620 326; x_wconf 83' lang='lat' dir='ltr'><em>esse</em></span> <span class='ocrx_word' id='word_1_32' title='bbox 1642 305 1709 326; x_wconf 87' lang='lat' dir='ltr'><em>eam</em></span> <span class='ocrx_word' id='word_1_33' title='bbox 1731 294 1882 336; x_wconf 75' lang='lat' dir='ltr'><em>epistulae</em></span> 
     </span>
     <span class='ocr_line' id='line_1_4' title="bbox 236 341 1882 393; baseline -0.01 -1"><span class='ocrx_word' id='word_1_34' title='bbox 236 371 256 392; x_wconf 89' lang='lat' dir='ltr'><em>a</em></span> <span class='ocrx_word' id='word_1_35' title='bbox 276 359 426 392; x_wconf 85' lang='lat' dir='ltr'><em>Willelmo</em></span> <span class='ocrx_word' id='word_1_36' title='bbox 448 359 588 389; x_wconf 73' lang='lat' dir='ltr'><em>seri-atae</em></span> <span class='ocrx_word' id='word_1_37' title='bbox 611 357 767 387; x_wconf 73' lang='lat' dir='ltr'><em>testantur</em></span> <span class='ocrx_word' id='word_1_38' title='bbox 789 356 883 393; x_wconf 87' lang='lat' dir='ltr'><em>atque</em></span> <span class='ocrx_word' id='word_1_39' title='bbox 905 353 996 383; x_wconf 86' lang='lat' dir='ltr'><em>etiam</em></span> <span class='ocrx_word' id='word_1_40' title='bbox 1013 353 1087 390; x_wconf 88' lang='lat' dir='ltr'><em>post</em></span> <span class='ocrx_word' id='word_1_41' title='bbox 1102 352 1226 381; x_wconf 83' lang='lat' dir='ltr'><em>mortem</em></span> <span class='ocrx_word' id='word_1_42' title='bbox 1243 341 1345 388; x_wconf 83' lang='lat' dir='ltr'><em>ipsius</em></span> <span class='ocrx_word' id='word_1_43' title='bbox 1360 347 1543 379; x_wconf 77' lang='lat' dir='ltr'><em>celebratam</em></span> <span class='ocrx_word' id='word_1_44' title='bbox 1557 356 1621 378; x_wconf 87' lang='lat' dir='ltr'><em>esse</em></span> <span class='ocrx_word' id='word_1_45' title='bbox 1636 346 1776 385; x_wconf 77' lang='lat' dir='ltr'><em>exempla</em></span> <span class='ocrx_word' id='word_1_46' title='bbox 1790 345 1882 377; x_wconf 87' lang='lat' dir='ltr'><em>Lulli</em></span> 
     </span>
     <span class='ocr_line' id='line_1_5' title="bbox 239 410 678 443; baseline -0.014 0"><span class='ocrx_word' id='word_1_47' title='bbox 239 414 267 443; x_wconf 84' lang='lat' dir='ltr'><em>et</em></span> <span class='ocrx_word' id='word_1_48' title='bbox 289 410 437 443; x_wconf 69' lang='lat' dir='ltr'><em>willelmi</em></span> <span class='ocrx_word' id='word_1_49' title='bbox 459 410 678 441; x_wconf 84' lang='lat' dir='ltr'><em>demonstrant.</em></span> 
     </span>
    </p>

    <p class='ocr_par' dir='ltr' id='par_1_3' title="bbox 238 447 1891 1108">
     <span class='ocr_line' id='line_1_6' title="bbox 339 447 1884 493; baseline -0.01 0"><span class='ocrx_word' id='word_1_50' title='bbox 339 462 403 493; x_wconf 80' lang='lat' dir='ltr'><em>Nee</em></span> <span class='ocrx_word' id='word_1_51' title='bbox 426 461 608 492; x_wconf 84' lang='lat' dir='ltr'><em>litterarum</em></span> <span class='ocrx_word' id='word_1_52' title='bbox 631 461 750 489; x_wconf 76' lang='lat' dir='ltr'><em>tantum</em></span> <span class='ocrx_word' id='word_1_53' title='bbox 776 456 969 487; x_wconf 83' lang='lat' dir='ltr'><em>institutione</em></span> <span class='ocrx_word' id='word_1_54' title='bbox 995 454 1049 485; x_wconf 84' lang='lat' dir='ltr'><em>scd</em></span> <span class='ocrx_word' id='word_1_55' title='bbox 1071 454 1164 485; x_wconf 84' lang='lat' dir='ltr'><em>ctiam</em></span> <span class='ocrx_word' id='word_1_56' title='bbox 1187 462 1267 483; x_wconf 78' lang='lat' dir='ltr'><em>nova</em></span> <span class='ocrx_word' id='word_1_57' title='bbox 1296 450 1485 490; x_wconf 77' lang='lat' dir='ltr'><em>aedificandi</em></span> <span class='ocrx_word' id='word_1_58' title='bbox 1512 451 1580 480; x_wconf 86' lang='lat' dir='ltr'><em>arte</em></span> <span class='ocrx_word' id='word_1_59' title='bbox 1603 448 1791 480; x_wconf 76' lang='lat' dir='ltr'><em>Aldlielmus</em></span> <span class='ocrx_word' id='word_1_60' title='bbox 1814 447 1884 487; x_wconf 78' lang='lat' dir='ltr'><em>fuit</em></span> 
     </span>
     <span class='ocr_line' id='line_1_7' title="bbox 239 498 1885 553; baseline -0.01 -7"><span class='ocrx_word' id='word_1_61' title='bbox 239 514 380 553; x_wconf 66' lang='lat' dir='ltr'><em>insigniis,</em></span> <span class='ocrx_word' id='word_1_62' title='bbox 391 512 472 552; x_wconf 79' lang='lat' dir='ltr'><em>quod</em></span> <span class='ocrx_word' id='word_1_63' title='bbox 483 512 522 544; x_wconf 88' lang='lat' dir='ltr'><em>G.</em></span> <span class='ocrx_word' id='word_1_64' title='bbox 532 511 572 542; x_wconf 90' lang='lat' dir='ltr'><em>F.</em></span> <span class='ocrx_word' id='word_1_65' title='bbox 582 510 752 542; x_wconf 77' lang='lat' dir='ltr'><em>Bran-nius</em></span> <span class='ocrx_word' id='word_1_66' title='bbox 761 508 822 548; x_wconf 86' lang='lat' dir='ltr'><em>(St.</em></span> <span class='ocrx_word' id='word_1_67' title='bbox 832 505 984 543; x_wconf 77' lang='lat' dir='ltr'><em>Aldlielm,</em></span> <span class='ocrx_word' id='word_1_68' title='bbox 994 505 1043 536; x_wconf 81' lang='lat' dir='ltr'><em>his</em></span> <span class='ocrx_word' id='word_1_69' title='bbox 1059 504 1114 545; x_wconf 77' lang='lat' dir='ltr'><em>life</em></span> <span class='ocrx_word' id='word_1_70' title='bbox 1130 503 1195 535; x_wconf 88' lang='lat' dir='ltr'><em>and</em></span> <span class='ocrx_word' id='word_1_71' title='bbox 1211 503 1308 539; x_wconf 86' lang='lat' dir='ltr'><em>times,</em></span> <span class='ocrx_word' id='word_1_72' title='bbox 1319 502 1451 533; x_wconf 87' lang='lat' dir='ltr'><em>London</em></span> <span class='ocrx_word' id='word_1_73' title='bbox 1461 501 1559 542; x_wconf 86' lang='lat'><em>1903)</em></span> <span class='ocrx_word' id='word_1_74' title='bbox 1570 503 1598 532; x_wconf 89' lang='lat' dir='ltr'><em>et</em></span> <span class='ocrx_word' id='word_1_75' title='bbox 1612 500 1712 532; x_wconf 86' lang='lat' dir='ltr'><em>W.B.</em></span> <span class='ocrx_word' id='word_1_76' title='bbox 1722 498 1885 531; x_wconf 83' lang='lat' dir='ltr'><em>Wildman</em></span> 
     </span>
     <span class='ocr_line' id='line_1_8' title="bbox 238 551 1886 606; baseline -0.01 -9"><span class='ocrx_word' id='word_1_77' title='bbox 238 566 325 606; x_wconf 82' lang='lat' dir='ltr'><em>(Life</em></span> <span class='ocrx_word' id='word_1_78' title='bbox 352 565 384 603; x_wconf 78' lang='lat' dir='ltr'><em>of</em></span> <span class='ocrx_word' id='word_1_79' title='bbox 414 564 445 595; x_wconf 87' lang='lat' dir='ltr'><em>S.</em></span> <span class='ocrx_word' id='word_1_80' title='bbox 462 559 793 599; x_wconf 73' lang='lat' dir='ltr'><em>Ealdliclm,&#39;London</em></span> <span class='ocrx_word' id='word_1_81' title='bbox 816 559 915 598; x_wconf 85' lang='lat'><em>1905)</em></span> <span class='ocrx_word' id='word_1_82' title='bbox 942 557 1048 595; x_wconf 80' lang='lat' dir='ltr'><em>fusius</em></span> <span class='ocrx_word' id='word_1_83' title='bbox 1077 555 1188 587; x_wconf 78' lang='lat' dir='ltr'><em>libellis</em></span> <span class='ocrx_word' id='word_1_84' title='bbox 1217 554 1328 596; x_wconf 85' lang='lat' dir='ltr'><em>lepidis</em></span> <span class='ocrx_word' id='word_1_85' title='bbox 1355 554 1605 592; x_wconf 74' lang='lat' dir='ltr'><em>explicaverunt:</em></span> <span class='ocrx_word' id='word_1_86' title='bbox 1636 562 1705 582; x_wconf 84' lang='lat' dir='ltr'><em>eum</em></span> <span class='ocrx_word' id='word_1_87' title='bbox 1733 551 1791 582; x_wconf 78' lang='lat' dir='ltr'><em>liae</em></span> <span class='ocrx_word' id='word_1_88' title='bbox 1817 553 1886 581; x_wconf 87' lang='lat' dir='ltr'><em>arte</em></span> 
     </span>
     <span class='ocr_line' id='line_1_9' title="bbox 239 605 1887 648; baseline -0.01 0"><span class='ocrx_word' id='word_1_89' title='bbox 239 617 405 648; x_wconf 85' lang='lat' dir='ltr'><em>coniuncta</em></span> <span class='ocrx_word' id='word_1_90' title='bbox 431 617 504 645; x_wconf 85' lang='lat' dir='ltr'><em>suut</em></span> <span class='ocrx_word' id='word_1_91' title='bbox 527 614 670 645; x_wconf 85' lang='lat' dir='ltr'><em>carmina</em></span> <span class='ocrx_word' id='word_1_92' title='bbox 692 611 908 647; x_wconf 86' lang='lat' dir='ltr'><em>ecclesiastica,</em></span> <span class='ocrx_word' id='word_1_93' title='bbox 938 608 1065 648; x_wconf 86' lang='lat' dir='ltr'><em>quibus,</em></span> <span class='ocrx_word' id='word_1_94' title='bbox 1088 617 1168 646; x_wconf 83' lang='lat' dir='ltr'><em>quae</em></span> <span class='ocrx_word' id='word_1_95' title='bbox 1190 606 1236 637; x_wconf 84' lang='lat' dir='ltr'><em>vel</em></span> <span class='ocrx_word' id='word_1_96' title='bbox 1257 607 1322 645; x_wconf 86' lang='lat' dir='ltr'><em>ipse</em></span> <span class='ocrx_word' id='word_1_97' title='bbox 1343 605 1390 636; x_wconf 80' lang='lat' dir='ltr'><em>vel</em></span> <span class='ocrx_word' id='word_1_98' title='bbox 1411 605 1472 635; x_wconf 82' lang='lat' dir='ltr'><em>alii</em></span> <span class='ocrx_word' id='word_1_99' title='bbox 1493 605 1722 640; x_wconf 77' lang='lat' dir='ltr'><em>exstruxerunt,</em></span> <span class='ocrx_word' id='word_1_100' title='bbox 1745 611 1827 633; x_wconf 85' lang='lat' dir='ltr'><em>more</em></span> <span class='ocrx_word' id='word_1_101' title='bbox 1849 611 1887 632; x_wconf 78' lang='lat' dir='ltr'><em>eoe</em></span> 
     </span>
     <span class='ocr_line' id='line_1_10' title="bbox 239 653 1888 699; baseline -0.009 0"><span class='ocrx_word' id='word_1_102' title='bbox 239 668 338 699; x_wconf 84' lang='lat' dir='ltr'><em>Italia</em></span> <span class='ocrx_word' id='word_1_103' title='bbox 370 666 466 697; x_wconf 83' lang='lat' dir='ltr'><em>allato</em></span> <span class='ocrx_word' id='word_1_104' title='bbox 497 664 668 696; x_wconf 75' lang='lat' dir='ltr'><em>exornavit.</em></span> <span class='ocrx_word' id='word_1_105' title='bbox 719 662 780 693; x_wconf 90' lang='lat' dir='ltr'><em>Sed</em></span> <span class='ocrx_word' id='word_1_106' title='bbox 805 664 878 692; x_wconf 79' lang='lat' dir='ltr'><em>ante</em></span> <span class='ocrx_word' id='word_1_107' title='bbox 905 660 1008 691; x_wconf 84' lang='lat' dir='ltr'><em>omnia</em></span> <span class='ocrx_word' id='word_1_108' title='bbox 1039 659 1073 690; x_wconf 86' lang='lat' dir='ltr'><em>id</em></span> <span class='ocrx_word' id='word_1_109' title='bbox 1098 668 1168 689; x_wconf 89' lang='lat' dir='ltr'><em>eum</em></span> <span class='ocrx_word' id='word_1_110' title='bbox 1197 660 1231 687; x_wconf 83' lang='lat' dir='ltr'><em>ut</em></span> <span class='ocrx_word' id='word_1_111' title='bbox 1260 657 1406 688; x_wconf 87' lang='lat' dir='ltr'><em>clericum</em></span> <span class='ocrx_word' id='word_1_112' title='bbox 1434 656 1605 693; x_wconf 80' lang='lat' dir='ltr'><em>studuisse,</em></span> <span class='ocrx_word' id='word_1_113' title='bbox 1636 657 1672 686; x_wconf 88' lang='lat' dir='ltr'><em>ut</em></span> <span class='ocrx_word' id='word_1_114' title='bbox 1697 655 1733 686; x_wconf 89' lang='lat' dir='ltr'><em>in</em></span> <span class='ocrx_word' id='word_1_115' title='bbox 1759 653 1888 685; x_wconf 86' lang='lat' dir='ltr'><em>ecclesia</em></span> 
     </span>
     <span class='ocr_line' id='line_1_11' title="bbox 240 706 1888 751; baseline -0.008 -1"><span class='ocrx_word' id='word_1_116' title='bbox 240 719 436 751; x_wconf 80' lang='lat' dir='ltr'><em>Britannica</em></span> <span class='ocrx_word' id='word_1_117' title='bbox 468 717 613 748; x_wconf 85' lang='lat' dir='ltr'><em>Romana</em></span> <span class='ocrx_word' id='word_1_118' title='bbox 647 725 744 746; x_wconf 85' lang='lat' dir='ltr'><em>eausa</em></span> <span class='ocrx_word' id='word_1_119' title='bbox 778 711 996 751; x_wconf 71' lang='lat' dir='ltr'><em>triumpharet,</em></span> <span class='ocrx_word' id='word_1_120' title='bbox 1037 709 1279 740; x_wconf 74' lang='lat' dir='ltr'><em>luculentissime</em></span> <span class='ocrx_word' id='word_1_121' title='bbox 1318 708 1454 746; x_wconf 73' lang='lat' dir='ltr'><em>epistula</em></span> <span class='ocrx_word' id='word_1_122' title='bbox 1488 707 1531 738; x_wconf 80' lang='lat' dir='ltr'><em>acl</em></span> <span class='ocrx_word' id='word_1_123' title='bbox 1566 706 1757 738; x_wconf 79' lang='lat' dir='ltr'><em>Geruntium</em></span> <span class='ocrx_word' id='word_1_124' title='bbox 1789 715 1888 745; x_wconf 77' lang='lat' dir='ltr'><em>reqem</em></span> 
     </span>
     <span class='ocr_line' id='line_1_12' title="bbox 245 757 1888 807; baseline -0.009 -6"><span class='ocrx_word' id='word_1_125' title='bbox 245 771 390 807; x_wconf 82' lang='lat' dir='ltr'><em>declarat,</em></span> <span class='ocrx_word' id='word_1_126' title='bbox 413 778 477 807; x_wconf 82' lang='lat' dir='ltr'><em>qua</em></span> <span class='ocrx_word' id='word_1_127' title='bbox 499 768 578 798; x_wconf 80' lang='lat' dir='ltr'><em>idem</em></span> <span class='ocrx_word' id='word_1_128' title='bbox 601 768 707 797; x_wconf 85' lang='lat' dir='ltr'><em>eontra</em></span> <span class='ocrx_word' id='word_1_129' title='bbox 730 765 880 796; x_wconf 84' lang='lat' dir='ltr'><em>Britoues</em></span> <span class='ocrx_word' id='word_1_130' title='bbox 902 761 1032 800; x_wconf 84' lang='lat' dir='ltr'><em>adsequi</em></span> <span class='ocrx_word' id='word_1_131' title='bbox 1054 762 1184 792; x_wconf 85' lang='lat' dir='ltr'><em>conatus</em></span> <span class='ocrx_word' id='word_1_132' title='bbox 1206 762 1258 796; x_wconf 87' lang='lat' dir='ltr'><em>est,</em></span> <span class='ocrx_word' id='word_1_133' title='bbox 1283 759 1366 798; x_wconf 86' lang='lat' dir='ltr'><em>quod</em></span> <span class='ocrx_word' id='word_1_134' title='bbox 1388 758 1502 790; x_wconf 86' lang='lat' dir='ltr'><em>Scottis</em></span> <span class='ocrx_word' id='word_1_135' title='bbox 1525 758 1696 796; x_wconf 86' lang='lat' dir='ltr'><em>Wilsridus</em></span> <span class='ocrx_word' id='word_1_136' title='bbox 1718 759 1746 788; x_wconf 85' lang='lat' dir='ltr'><em>et</em></span> <span class='ocrx_word' id='word_1_137' title='bbox 1769 757 1888 788; x_wconf 84' lang='lat' dir='ltr'><em>Adam-</em></span> 
     </span>
     <span class='ocr_line' id='line_1_13' title="bbox 243 809 1888 855; baseline -0.009 -3"><span class='ocrx_word' id='word_1_138' title='bbox 243 832 350 852; x_wconf 86' lang='lat' dir='ltr'><em>nanus</em></span> <span class='ocrx_word' id='word_1_139' title='bbox 372 819 516 855; x_wconf 84' lang='lat' dir='ltr'><em>Naitoui,</em></span> <span class='ocrx_word' id='word_1_140' title='bbox 545 818 704 848; x_wconf 74' lang='lat' dir='ltr'><em>Pictorum</em></span> <span class='ocrx_word' id='word_1_141' title='bbox 733 815 812 855; x_wconf 74' lang='lat' dir='ltr'><em>reqi,</em></span> <span class='ocrx_word' id='word_1_142' title='bbox 842 813 950 845; x_wconf 87' lang='lat' dir='ltr'><em>Bedae</em></span> <span class='ocrx_word' id='word_1_143' title='bbox 977 812 1128 843; x_wconf 85' lang='lat' dir='ltr'><em>nimirum</em></span> <span class='ocrx_word' id='word_1_144' title='bbox 1154 811 1267 847; x_wconf 79' lang='lat' dir='ltr'><em>verbis,</em></span> <span class='ocrx_word' id='word_1_145' title='bbox 1300 809 1438 848; x_wconf 83' lang='lat' dir='ltr'><em>C&#39;eolfrid</em></span> <span class='ocrx_word' id='word_1_146' title='bbox 1459 809 1764 846; x_wconf 81' lang='lat' dir='ltr'><em>commendaverunt;</em></span> <span class='ocrx_word' id='word_1_147' title='bbox 1793 818 1888 847; x_wconf 86' lang='lat' dir='ltr'><em>quam</em></span> 
     </span>
     <span class='ocr_line' id='line_1_14' title="bbox 246 859 1888 912; baseline -0.009 -9"><span class='ocrx_word' id='word_1_148' title='bbox 246 871 407 912; x_wconf 71' lang='lat' dir='ltr'><em>epistulam</em></span> <span class='ocrx_word' id='word_1_149' title='bbox 423 871 560 901; x_wconf 83' lang='lat' dir='ltr'><em>abbatem</em></span> <span class='ocrx_word' id='word_1_150' title='bbox 575 878 644 900; x_wconf 86' lang='lat' dir='ltr'><em>eum</em></span> <span class='ocrx_word' id='word_1_151' title='bbox 659 866 820 907; x_wconf 73' lang='lat' dir='ltr'><em>scripsisse</em></span> <span class='ocrx_word' id='word_1_152' title='bbox 831 865 923 896; x_wconf 86' lang='lat' dir='ltr'><em>Beda</em></span> <span class='ocrx_word' id='word_1_153' title='bbox 944 863 1021 894; x_wconf 79' lang='lat' dir='ltr'><em>VIS</em></span> <span class='ocrx_word' id='word_1_154' title='bbox 1038 864 1122 903; x_wconf 83' lang='lat' dir='ltr'><em>(eum</em></span> <span class='ocrx_word' id='word_1_155' title='bbox 1139 862 1244 893; x_wconf 77' lang='lat' dir='ltr'><em>adhue</em></span> <span class='ocrx_word' id='word_1_156' title='bbox 1261 864 1345 892; x_wconf 80' lang='lat' dir='ltr'><em>esset</em></span> <span class='ocrx_word' id='word_1_157' title='bbox 1360 861 1529 902; x_wconf 80' lang='lat' dir='ltr'><em>presbyter</em></span> <span class='ocrx_word' id='word_1_158' title='bbox 1541 864 1574 892; x_wconf 80' lang='lat' dir='ltr'><em>et</em></span> <span class='ocrx_word' id='word_1_159' title='bbox 1586 861 1686 892; x_wconf 83' lang='lat' dir='ltr'><em>abbas</em></span> <span class='ocrx_word' id='word_1_160' title='bbox 1702 860 1740 898; x_wconf 82' lang='lat' dir='ltr'><em>cf.</em></span> <span class='ocrx_word' id='word_1_161' title='bbox 1752 869 1783 900; x_wconf 87' lang='lat' dir='ltr'><em>p.</em></span> <span class='ocrx_word' id='word_1_162' title='bbox 1793 859 1842 890; x_wconf 89' lang='lat' dir='ltr'><em>VI</em></span> <span class='ocrx_word' id='word_1_163' title='bbox 1844 859 1854 901; x_wconf 92' lang='lat'><em>)</em></span> <span class='ocrx_word' id='word_1_164' title='bbox 1862 859 1888 899; x_wconf 78' lang='grc'><em>2)</em></span> 
     </span>
     <span class='ocr_line' id='line_1_15' title="bbox 247 910 1890 954; baseline -0.008 0"><span class='ocrx_word' id='word_1_165' title='bbox 247 924 332 954; x_wconf 84' lang='lat' dir='ltr'><em>testis</em></span> <span class='ocrx_word' id='word_1_166' title='bbox 354 925 406 953; x_wconf 88' lang='lat' dir='ltr'><em>est.</em></span> <span class='ocrx_word' id='word_1_167' title='bbox 453 921 560 953; x_wconf 89' lang='lat' dir='ltr'><em>Abbas</em></span> <span class='ocrx_word' id='word_1_168' title='bbox 581 921 684 950; x_wconf 85' lang='lat' dir='ltr'><em>autem</em></span> <span class='ocrx_word' id='word_1_169' title='bbox 708 918 801 949; x_wconf 81' lang='lat' dir='ltr'><em>etiam</em></span> <span class='ocrx_word' id='word_1_170' title='bbox 823 927 861 948; x_wconf 87' lang='lat' dir='ltr'><em>ea</em></span> <span class='ocrx_word' id='word_1_171' title='bbox 883 916 988 947; x_wconf 85' lang='lat' dir='ltr'><em>omnia</em></span> <span class='ocrx_word' id='word_1_172' title='bbox 1011 915 1145 954; x_wconf 74' lang='lat' dir='ltr'><em>scripsit,</em></span> <span class='ocrx_word' id='word_1_173' title='bbox 1169 914 1205 944; x_wconf 89' lang='lat' dir='ltr'><em>de</em></span> <span class='ocrx_word' id='word_1_174' title='bbox 1227 913 1341 952; x_wconf 82' lang='lat' dir='ltr'><em>quibus</em></span> <span class='ocrx_word' id='word_1_175' title='bbox 1363 912 1455 952; x_wconf 79' lang='lat' dir='ltr'><em>infra</em></span> <span class='ocrx_word' id='word_1_176' title='bbox 1477 912 1536 943; x_wconf 87' lang='lat' dir='ltr'><em>erit</em></span> <span class='ocrx_word' id='word_1_177' title='bbox 1558 911 1780 943; x_wconf 87' lang='lat' dir='ltr'><em>disserendum.</em></span> <span class='ocrx_word' id='word_1_178' title='bbox 1825 910 1890 942; x_wconf 89' lang='lat' dir='ltr'><em>Nec</em></span> 
     </span>
     <span class='ocr_line' id='line_1_16' title="bbox 242 962 1891 1005; baseline -0.008 0"><span class='ocrx_word' id='word_1_179' title='bbox 242 975 328 1005; x_wconf 81' lang='lat' dir='ltr'><em>intra</em></span> <span class='ocrx_word' id='word_1_180' title='bbox 344 972 607 1004; x_wconf 69' lang='lat' dir='ltr'><em>Dsalmesburium</em></span> <span class='ocrx_word' id='word_1_181' title='bbox 630 968 819 1001; x_wconf 85' lang='lat' dir='ltr'><em>coenobialia</em></span> <span class='ocrx_word' id='word_1_182' title='bbox 842 977 903 999; x_wconf 81' lang='lat' dir='ltr'><em>sua</em></span> <span class='ocrx_word' id='word_1_183' title='bbox 926 967 1078 998; x_wconf 72' lang='lat' dir='ltr'><em>continuit</em></span> <span class='ocrx_word' id='word_1_184' title='bbox 1100 965 1242 1002; x_wconf 83' lang='lat' dir='ltr'><em>consilia,</em></span> <span class='ocrx_word' id='word_1_185' title='bbox 1265 964 1319 996; x_wconf 85' lang='lat' dir='ltr'><em>sed</em></span> <span class='ocrx_word' id='word_1_186' title='bbox 1341 964 1434 995; x_wconf 89' lang='lat' dir='ltr'><em>etiam</em></span> <span class='ocrx_word' id='word_1_187' title='bbox 1455 973 1537 994; x_wconf 85' lang='lat' dir='ltr'><em>nova</em></span> <span class='ocrx_word' id='word_1_188' title='bbox 1553 963 1615 994; x_wconf 88' lang='lat' dir='ltr'><em>duo</em></span> <span class='ocrx_word' id='word_1_189' title='bbox 1631 962 1768 994; x_wconf 84' lang='lat' dir='ltr'><em>condidit</em></span> <span class='ocrx_word' id='word_1_190' title='bbox 1783 971 1891 993; x_wconf 86' lang='lat' dir='ltr'><em>mona-</em></span> 
     </span>
     <span class='ocr_line' id='line_1_17' title="bbox 246 1014 1891 1061; baseline -0.008 -4"><span class='ocrx_word' id='word_1_191' title='bbox 246 1026 342 1057; x_wconf 82' lang='lat' dir='ltr'><em>steria</em></span> <span class='ocrx_word' id='word_1_192' title='bbox 358 1024 453 1056; x_wconf 85' lang='lat' dir='ltr'><em>From</em></span> <span class='ocrx_word' id='word_1_193' title='bbox 477 1026 506 1055; x_wconf 87' lang='lat' dir='ltr'><em>et</em></span> <span class='ocrx_word' id='word_1_194' title='bbox 521 1021 704 1060; x_wconf 80' lang='lat' dir='ltr'><em>Bradeford</em></span> <span class='ocrx_word' id='word_1_195' title='bbox 726 1021 780 1061; x_wconf 88' lang='lat' dir='ltr'><em>(on</em></span> <span class='ocrx_word' id='word_1_196' title='bbox 796 1020 910 1060; x_wconf 62' lang='lat' dir='ltr'><em>Aeon),</em></span> <span class='ocrx_word' id='word_1_197' title='bbox 934 1028 1065 1058; x_wconf 88' lang='lat' dir='ltr'><em>quorum</em></span> <span class='ocrx_word' id='word_1_198' title='bbox 1086 1017 1152 1056; x_wconf 81' lang='lat' dir='ltr'><em>ipse</em></span> <span class='ocrx_word' id='word_1_199' title='bbox 1171 1016 1241 1057; x_wconf 79' lang='lat' dir='ltr'><em>fuit</em></span> <span class='ocrx_word' id='word_1_200' title='bbox 1263 1016 1360 1047; x_wconf 83' lang='lat' dir='ltr'><em>abbas</em></span> <span class='ocrx_word' id='word_1_201' title='bbox 1382 1014 1438 1056; x_wconf 82' lang='lat' dir='ltr'><em>(ef.</em></span> <span class='ocrx_word' id='word_1_202' title='bbox 1456 1014 1616 1053; x_wconf 78' lang='lat' dir='ltr'><em>Boenhoff</em></span> <span class='ocrx_word' id='word_1_203' title='bbox 1626 1025 1662 1054; x_wconf 86' lang='lat' dir='ltr'><em>p.</em></span> <span class='ocrx_word' id='word_1_204' title='bbox 1674 1014 1789 1054; x_wconf 84' lang='lat' dir='ltr'><em>67sq.),</em></span> <span class='ocrx_word' id='word_1_205' title='bbox 1811 1023 1891 1053; x_wconf 87' lang='lat' dir='ltr'><em>quae</em></span> 
     </span>
     <span class='ocr_line' id='line_1_18' title="bbox 253 1067 1602 1108; baseline -0.007 -1"><span class='ocrx_word' id='word_1_206' title='bbox 253 1080 356 1108; x_wconf 83' lang='lat' dir='ltr'><em>tamen</em></span> <span class='ocrx_word' id='word_1_207' title='bbox 378 1085 437 1106; x_wconf 86' lang='lat' dir='ltr'><em>sua</em></span> <span class='ocrx_word' id='word_1_208' title='bbox 460 1076 523 1106; x_wconf 86' lang='lat' dir='ltr'><em>iam</em></span> <span class='ocrx_word' id='word_1_209' title='bbox 547 1076 645 1105; x_wconf 83' lang='lat' dir='ltr'><em>aelate</em></span> <span class='ocrx_word' id='word_1_210' title='bbox 668 1074 700 1104; x_wconf 88' lang='lat' dir='ltr'><em>in</em></span> <span class='ocrx_word' id='word_1_211' title='bbox 723 1073 856 1104; x_wconf 87' lang='lat' dir='ltr'><em>nihilum</em></span> <span class='ocrx_word' id='word_1_212' title='bbox 881 1071 1036 1102; x_wconf 81' lang='lat' dir='ltr'><em>defecisse</em></span> <span class='ocrx_word' id='word_1_213' title='bbox 1059 1069 1233 1101; x_wconf 83' lang='lat' dir='ltr'><em>Willelmus</em></span> <span class='ocrx_word' id='word_1_214' title='bbox 1257 1069 1301 1108; x_wconf 74' lang='lat' dir='ltr'><em>(p.</em></span> <span class='ocrx_word' id='word_1_215' title='bbox 1318 1068 1382 1098; x_wconf 73' lang='lat'><em>346</em></span> <span class='ocrx_word' id='word_1_216' title='bbox 1397 1067 1456 1107; x_wconf 88' lang='lat' dir='ltr'><em>H.)</em></span> <span class='ocrx_word' id='word_1_217' title='bbox 1478 1069 1602 1098; x_wconf 82' lang='lat' dir='ltr'><em>narrat.</em></span> 
     </span>
    </p>

    <p class='ocr_par' dir='ltr' id='par_1_4' title="bbox 242 1117 1898 1989">
     <span class='ocr_line' id='line_1_19' title="bbox 346 1117 1892 1163; baseline -0.007 -5"><span class='ocrx_word' id='word_1_218' title='bbox 346 1127 496 1158; x_wconf 79' lang='lat' dir='ltr'><em>Abbatem</em></span> <span class='ocrx_word' id='word_1_219' title='bbox 525 1126 633 1162; x_wconf 89' lang='lat' dir='ltr'><em>etiam,</em></span> <span class='ocrx_word' id='word_1_220' title='bbox 664 1125 732 1155; x_wconf 77' lang='lat' dir='ltr'><em>aevi</em></span> <span class='ocrx_word' id='word_1_221' title='bbox 759 1123 925 1163; x_wconf 75' lang='lat' dir='ltr'><em>populique</em></span> <span class='ocrx_word' id='word_1_222' title='bbox 955 1122 1006 1153; x_wconf 81' lang='lat' dir='ltr'><em>sui</em></span> <span class='ocrx_word' id='word_1_223' title='bbox 1032 1131 1145 1152; x_wconf 87' lang='lat' dir='ltr'><em>morem</em></span> <span class='ocrx_word' id='word_1_224' title='bbox 1167 1120 1360 1159; x_wconf 74' lang='lat' dir='ltr'><em>maximeque</em></span> <span class='ocrx_word' id='word_1_225' title='bbox 1382 1118 1548 1150; x_wconf 83' lang='lat' dir='ltr'><em>Benedicti</em></span> <span class='ocrx_word' id='word_1_226' title='bbox 1569 1118 1697 1157; x_wconf 85' lang='lat' dir='ltr'><em>Biscopi</em></span> <span class='ocrx_word' id='word_1_227' title='bbox 1719 1117 1892 1157; x_wconf 74' lang='lat' dir='ltr'><em>exemplum</em></span> 
     </span>
     <span class='ocr_line' id='line_1_20' title="bbox 250 1168 1893 1216; baseline -0.007 -6"><span class='ocrx_word' id='word_1_228' title='bbox 250 1182 398 1216; x_wconf 69' lang='lat' dir='ltr'><em>secutum,</em></span> <span class='ocrx_word' id='word_1_229' title='bbox 430 1178 561 1209; x_wconf 80' lang='lat' dir='ltr'><em>Romam</em></span> <span class='ocrx_word' id='word_1_230' title='bbox 586 1177 760 1216; x_wconf 81' lang='lat' dir='ltr'><em>profectum</em></span> <span class='ocrx_word' id='word_1_231' title='bbox 784 1184 846 1206; x_wconf 86' lang='lat' dir='ltr'><em>csse</em></span> <span class='ocrx_word' id='word_1_232' title='bbox 869 1183 932 1205; x_wconf 88' lang='lat' dir='ltr'><em>non</em></span> <span class='ocrx_word' id='word_1_233' title='bbox 954 1172 1052 1204; x_wconf 80' lang='lat' dir='ltr'><em>solum</em></span> <span class='ocrx_word' id='word_1_234' title='bbox 1075 1172 1200 1203; x_wconf 84' lang='lat' dir='ltr'><em>Faricii</em></span> <span class='ocrx_word' id='word_1_235' title='bbox 1220 1171 1428 1211; x_wconf 81' lang='lat' dir='ltr'><em>Willelmique</em></span> <span class='ocrx_word' id='word_1_236' title='bbox 1450 1170 1702 1208; x_wconf 83' lang='lat' dir='ltr'><em>narrationibus,</em></span> <span class='ocrx_word' id='word_1_237' title='bbox 1731 1179 1811 1208; x_wconf 89' lang='lat' dir='ltr'><em>quae</em></span> <span class='ocrx_word' id='word_1_238' title='bbox 1833 1168 1893 1199; x_wconf 86' lang='lat' dir='ltr'><em>iter</em></span> 
     </span>
     <span class='ocr_line' id='line_1_21' title="bbox 253 1221 1893 1266; baseline -0.007 -4"><span class='ocrx_word' id='word_1_239' title='bbox 253 1231 431 1262; x_wconf 85' lang='lat' dir='ltr'><em>Romanum</em></span> <span class='ocrx_word' id='word_1_240' title='bbox 454 1229 780 1266; x_wconf 77' lang='lat' dir='ltr'><em>commorationcmquc</em></span> <span class='ocrx_word' id='word_1_241' title='bbox 803 1226 961 1257; x_wconf 74' lang='lat' dir='ltr'><em>Aldlzelmi</em></span> <span class='ocrx_word' id='word_1_242' title='bbox 983 1225 1018 1255; x_wconf 88' lang='lat' dir='ltr'><em>in</em></span> <span class='ocrx_word' id='word_1_243' title='bbox 1039 1224 1114 1255; x_wconf 86' lang='lat' dir='ltr'><em>urbe</em></span> <span class='ocrx_word' id='word_1_244' title='bbox 1137 1226 1264 1254; x_wconf 85' lang='lat' dir='ltr'><em>aeterna</em></span> <span class='ocrx_word' id='word_1_245' title='bbox 1287 1223 1414 1261; x_wconf 79' lang='lat' dir='ltr'><em>fabellis</em></span> <span class='ocrx_word' id='word_1_246' title='bbox 1436 1221 1543 1253; x_wconf 84' lang='lat' dir='ltr'><em>mult-is</em></span> <span class='ocrx_word' id='word_1_247' title='bbox 1566 1223 1594 1252; x_wconf 88' lang='lat' dir='ltr'><em>et</em></span> <span class='ocrx_word' id='word_1_248' title='bbox 1615 1221 1706 1252; x_wconf 85' lang='lat' dir='ltr'><em>miris</em></span> <span class='ocrx_word' id='word_1_249' title='bbox 1728 1221 1893 1257; x_wconf 73' lang='lat' dir='ltr'><em>exornant,</em></span> 
     </span>
     <span class='ocr_line' id='line_1_22' title="bbox 248 1271 1894 1320; baseline -0.008 -6"><span class='ocrx_word' id='word_1_250' title='bbox 248 1283 301 1314; x_wconf 86' lang='lat' dir='ltr'><em>sed</em></span> <span class='ocrx_word' id='word_1_251' title='bbox 322 1283 413 1312; x_wconf 83' lang='lat' dir='ltr'><em>ctiam</em></span> <span class='ocrx_word' id='word_1_252' title='bbox 431 1281 532 1313; x_wconf 87' lang='lat' dir='ltr'><em>Scotti</em></span> <span class='ocrx_word' id='word_1_253' title='bbox 557 1280 658 1320; x_wconf 74' lang='lat' dir='ltr'><em>iqnoti</em></span> <span class='ocrx_word' id='word_1_254' title='bbox 680 1279 814 1318; x_wconf 73' lang='lat' dir='ltr'><em>{pistula</em></span> <span class='ocrx_word' id='word_1_255' title='bbox 837 1279 964 1314; x_wconf 83' lang='lat' dir='ltr'><em>constat,</em></span> <span class='ocrx_word' id='word_1_256' title='bbox 987 1276 1041 1316; x_wconf 88' lang='lat' dir='ltr'><em>qui</em></span> <span class='ocrx_word' id='word_1_257' title='bbox 1064 1286 1132 1307; x_wconf 88' lang='lat' dir='ltr'><em>eum</em></span> <span class='ocrx_word' id='word_1_258' title='bbox 1147 1275 1271 1307; x_wconf 81' lang='lat' dir='ltr'><em>Romae</em></span> <span class='ocrx_word' id='word_1_259' title='bbox 1296 1274 1454 1306; x_wconf 78' lang='lat' dir='ltr'><em>advenam</em></span> <span class='ocrx_word' id='word_1_260' title='bbox 1472 1273 1571 1304; x_wconf 82' lang='lat' dir='ltr'><em>fuisse</em></span> <span class='ocrx_word' id='word_1_261' title='bbox 1587 1273 1664 1304; x_wconf 86' lang='lat' dir='ltr'><em>dicit</em></span> <span class='ocrx_word' id='word_1_262' title='bbox 1679 1273 1723 1312; x_wconf 87' lang='lat' dir='ltr'><em>(p.</em></span> <span class='ocrx_word' id='word_1_263' title='bbox 1736 1271 1808 1309; x_wconf 68' lang='lat'><em>494,</em></span> <span class='ocrx_word' id='word_1_264' title='bbox 1822 1273 1894 1311; x_wconf 81' lang='lat'><em>14).-</em></span> 
     </span>
     <span class='ocr_line' id='line_1_23' title="bbox 247 1322 1895 1372; baseline -0.007 -8"><span class='ocrx_word' id='word_1_265' title='bbox 247 1333 446 1372; x_wconf 77' lang='lat' dir='ltr'><em>inde-Serqii</em></span> <span class='ocrx_word' id='word_1_266' title='bbox 463 1342 573 1371; x_wconf 85' lang='lat' dir='ltr'><em>papae</em></span> <span class='ocrx_word' id='word_1_267' title='bbox 590 1330 793 1370; x_wconf 74' lang='lat' dir='ltr'><em>prii-ilcqium</em></span> <span class='ocrx_word' id='word_1_268' title='bbox 814 1328 943 1368; x_wconf 81' lang='lat' dir='ltr'><em>rettulit,</em></span> <span class='ocrx_word' id='word_1_269' title='bbox 972 1329 1016 1359; x_wconf 82' lang='lat' dir='ltr'><em>ad</em></span> <span class='ocrx_word' id='word_1_270' title='bbox 1042 1328 1133 1367; x_wconf 88' lang='lat' dir='ltr'><em>quod,</em></span> <span class='ocrx_word' id='word_1_271' title='bbox 1155 1337 1234 1367; x_wconf 86' lang='lat' dir='ltr'><em>quae</em></span> <span class='ocrx_word' id='word_1_272' title='bbox 1257 1327 1293 1358; x_wconf 79' lang='lat' dir='ltr'><em>ele</em></span> <span class='ocrx_word' id='word_1_273' title='bbox 1315 1327 1428 1357; x_wconf 85' lang='lat' dir='ltr'><em>itinere</em></span> <span class='ocrx_word' id='word_1_274' title='bbox 1450 1325 1503 1357; x_wconf 89' lang='lat' dir='ltr'><em>illo</em></span> <span class='ocrx_word' id='word_1_275' title='bbox 1526 1325 1658 1356; x_wconf 83' lang='lat' dir='ltr'><em>dicenda</em></span> <span class='ocrx_word' id='word_1_276' title='bbox 1679 1326 1762 1361; x_wconf 86' lang='lat' dir='ltr'><em>sunt,</em></span> <span class='ocrx_word' id='word_1_277' title='bbox 1790 1322 1895 1362; x_wconf 75' lang='lat' dir='ltr'><em>collcqi</em></span> 
     </span>
     <span class='ocr_line' id='line_1_24' title="bbox 242 1375 1893 1426; baseline -0.006 -11"><span class='ocrx_word' id='word_1_278' title='bbox 242 1396 276 1426; x_wconf 86' lang='lat' dir='ltr'><em>p.</em></span> <span class='ocrx_word' id='word_1_279' title='bbox 291 1385 362 1415; x_wconf 80' lang='lat'><em>512.</em></span> <span class='ocrx_word' id='word_1_280' title='bbox 395 1383 458 1415; x_wconf 83' lang='lat' dir='ltr'><em>Sed</em></span> <span class='ocrx_word' id='word_1_281' title='bbox 472 1384 527 1423; x_wconf 84' lang='lat' dir='ltr'><em>qui</em></span> <span class='ocrx_word' id='word_1_282' title='bbox 551 1383 690 1413; x_wconf 85' lang='lat' dir='ltr'><em>carmine</em></span> <span class='ocrx_word' id='word_1_283' title='bbox 705 1381 874 1421; x_wconf 73' lang='lat' dir='ltr'><em>rhythmico</em></span> <span class='ocrx_word' id='word_1_284' title='bbox 889 1380 985 1411; x_wconf 87' lang='lat' dir='ltr'><em>altero</em></span> <span class='ocrx_word' id='word_1_285' title='bbox 1001 1380 1061 1410; x_wconf 86' lang='lat' dir='ltr'><em>iter</em></span> <span class='ocrx_word' id='word_1_286' title='bbox 1076 1378 1156 1410; x_wconf 81' lang='lat' dir='ltr'><em>illud</em></span> <span class='ocrx_word' id='word_1_287' title='bbox 1171 1378 1357 1417; x_wconf 80' lang='lat' dir='ltr'><em>descriptum</em></span> <span class='ocrx_word' id='word_1_288' title='bbox 1367 1379 1496 1417; x_wconf 83' lang='lat' dir='ltr'><em>putant,</em></span> <span class='ocrx_word' id='word_1_289' title='bbox 1520 1379 1555 1407; x_wconf 91' lang='lat' dir='ltr'><em>ut</em></span> <span class='ocrx_word' id='word_1_290' title='bbox 1570 1375 1778 1414; x_wconf 77' lang='lat' dir='ltr'><em>Boenliofftus</em></span> <span class='ocrx_word' id='word_1_291' title='bbox 1796 1384 1830 1415; x_wconf 83' lang='lat' dir='ltr'><em>p.</em></span> <span class='ocrx_word' id='word_1_292' title='bbox 1843 1376 1893 1411; x_wconf 82' lang='lat'><em>77,</em></span> 
     </span>
     <span class='ocr_line' id='line_1_25' title="bbox 249 1427 1894 1475; baseline -0.007 -8"><span class='ocrx_word' id='word_1_293' title='bbox 249 1437 278 1467; x_wconf 90' lang='lat' dir='ltr'><em>ei</em></span> <span class='ocrx_word' id='word_1_294' title='bbox 300 1446 397 1475; x_wconf 82' lang='lat' dir='ltr'><em>neque</em></span> <span class='ocrx_word' id='word_1_295' title='bbox 420 1445 542 1466; x_wconf 88' lang='lat' dir='ltr'><em>carmen</em></span> <span class='ocrx_word' id='word_1_296' title='bbox 566 1434 646 1465; x_wconf 87' lang='lat' dir='ltr'><em>illud</em></span> <span class='ocrx_word' id='word_1_297' title='bbox 667 1436 745 1464; x_wconf 84' lang='lat' dir='ltr'><em>reete</em></span> <span class='ocrx_word' id='word_1_298' title='bbox 767 1433 1017 1471; x_wconf 75' lang='lat' dir='ltr'><em>interpretantur</em></span> <span class='ocrx_word' id='word_1_299' title='bbox 1035 1440 1142 1470; x_wconf 85' lang='lat' dir='ltr'><em>neque,</em></span> <span class='ocrx_word' id='word_1_300' title='bbox 1165 1441 1185 1461; x_wconf 89' lang='lat' dir='ltr'><em>a</em></span> <span class='ocrx_word' id='word_1_301' title='bbox 1207 1440 1267 1469; x_wconf 84' lang='lat' dir='ltr'><em>quo</em></span> <span class='ocrx_word' id='word_1_302' title='bbox 1290 1432 1415 1460; x_wconf 86' lang='lat' dir='ltr'><em>auctore</em></span> <span class='ocrx_word' id='word_1_303' title='bbox 1438 1428 1637 1468; x_wconf 82' lang='lat' dir='ltr'><em>compositum</em></span> <span class='ocrx_word' id='word_1_304' title='bbox 1658 1428 1712 1465; x_wconf 88' lang='lat' dir='ltr'><em>sit,</em></span> <span class='ocrx_word' id='word_1_305' title='bbox 1737 1427 1894 1466; x_wconf 79' lang='lat' dir='ltr'><em>reputant.</em></span> 
     </span>
     <span class='ocr_line' id='line_1_26' title="bbox 256 1477 1896 1525; baseline -0.006 -7"><span class='ocrx_word' id='word_1_306' title='bbox 256 1488 388 1518; x_wconf 74' lang='lat' dir='ltr'><em>Tantam</em></span> <span class='ocrx_word' id='word_1_307' title='bbox 413 1489 516 1518; x_wconf 85' lang='lat' dir='ltr'><em>autem</em></span> <span class='ocrx_word' id='word_1_308' title='bbox 539 1487 595 1523; x_wconf 86' lang='lat' dir='ltr'><em>eis,</em></span> <span class='ocrx_word' id='word_1_309' title='bbox 622 1496 701 1525; x_wconf 85' lang='lat' dir='ltr'><em>quae</em></span> <span class='ocrx_word' id='word_1_310' title='bbox 730 1485 764 1515; x_wconf 84' lang='lat' dir='ltr'><em>in</em></span> <span class='ocrx_word' id='word_1_311' title='bbox 787 1484 915 1515; x_wconf 82' lang='lat' dir='ltr'><em>ecelesia</em></span> <span class='ocrx_word' id='word_1_312' title='bbox 937 1483 1098 1522; x_wconf 80' lang='lat' dir='ltr'><em>sclzolaque</em></span> <span class='ocrx_word' id='word_1_313' title='bbox 1120 1483 1282 1520; x_wconf 82' lang='lat' dir='ltr'><em>effecerat,</em></span> <span class='ocrx_word' id='word_1_314' title='bbox 1311 1481 1433 1512; x_wconf 85' lang='lat' dir='ltr'><em>laudem</em></span> <span class='ocrx_word' id='word_1_315' title='bbox 1456 1482 1485 1511; x_wconf 88' lang='lat' dir='ltr'><em>et</em></span> <span class='ocrx_word' id='word_1_316' title='bbox 1506 1480 1724 1511; x_wconf 87' lang='lat' dir='ltr'><em>auctoritatem</em></span> <span class='ocrx_word' id='word_1_317' title='bbox 1746 1479 1813 1510; x_wconf 83' lang='lat' dir='ltr'><em>erat</em></span> <span class='ocrx_word' id='word_1_318' title='bbox 1840 1477 1896 1508; x_wconf 81' lang='lat' dir='ltr'><em>ad-</em></span> 
     </span>
     <span class='ocr_line' id='line_1_27' title="bbox 251 1529 1896 1576; baseline -0.006 -6"><span class='ocrx_word' id='word_1_319' title='bbox 251 1542 382 1576; x_wconf 76' lang='lat' dir='ltr'><em>secutus,</em></span> <span class='ocrx_word' id='word_1_320' title='bbox 405 1541 441 1569; x_wconf 84' lang='lat' dir='ltr'><em>ut</em></span> <span class='ocrx_word' id='word_1_321' title='bbox 458 1538 602 1575; x_wconf 71' lang='lat' dir='ltr'><em>Haedzla,</em></span> <span class='ocrx_word' id='word_1_322' title='bbox 627 1537 721 1568; x_wconf 82' lang='lat' dir='ltr'><em>totius</em></span> <span class='ocrx_word' id='word_1_323' title='bbox 740 1535 976 1568; x_wconf 71' lang='lat' dir='ltr'><em>Westsaxoniae</em></span> <span class='ocrx_word' id='word_1_324' title='bbox 999 1535 1147 1575; x_wconf 86' lang='lat' dir='ltr'><em>episeopo,</em></span> <span class='ocrx_word' id='word_1_325' title='bbox 1172 1534 1326 1572; x_wconf 83' lang='lat' dir='ltr'><em>defuneto,</em></span> <span class='ocrx_word' id='word_1_326' title='bbox 1350 1533 1442 1564; x_wconf 85' lang='lat' dir='ltr'><em>euius</em></span> <span class='ocrx_word' id='word_1_327' title='bbox 1463 1532 1658 1572; x_wconf 74' lang='lat' dir='ltr'><em>episcopatus</em></span> <span class='ocrx_word' id='word_1_328' title='bbox 1681 1531 1715 1562; x_wconf 87' lang='lat' dir='ltr'><em>in</em></span> <span class='ocrx_word' id='word_1_329' title='bbox 1729 1530 1809 1561; x_wconf 88' lang='lat' dir='ltr'><em>duas</em></span> <span class='ocrx_word' id='word_1_330' title='bbox 1831 1529 1896 1560; x_wconf 87' lang='lat' dir='ltr'><em>iam</em></span> 
     </span>
     <span class='ocr_line' id='line_1_28' title="bbox 243 1581 1896 1630; baseline -0.006 -9"><span class='ocrx_word' id='word_1_331' title='bbox 243 1590 415 1630; x_wconf 78' lang='lat' dir='ltr'><em>parochias</em></span> <span class='ocrx_word' id='word_1_332' title='bbox 438 1589 542 1629; x_wconf 82' lang='lat' dir='ltr'><em>(Beda</em></span> <span class='ocrx_word' id='word_1_333' title='bbox 565 1589 595 1619; x_wconf 83' lang='lat' dir='ltr'><strong><em>V</em></strong></span> <span class='ocrx_word' id='word_1_334' title='bbox 611 1589 647 1619; x_wconf 79' lang='lat' dir='ltr'><em>ls</em></span> <span class='ocrx_word' id='word_1_335' title='bbox 670 1591 696 1619; x_wconf 89' lang='lat' dir='ltr'><em>et</em></span> <span class='ocrx_word' id='word_1_336' title='bbox 722 1587 895 1619; x_wconf 70' lang='lat' dir='ltr'><em>TVillelmus</em></span> <span class='ocrx_word' id='word_1_337' title='bbox 918 1597 952 1626; x_wconf 84' lang='lat' dir='ltr'><em>p.</em></span> <span class='ocrx_word' id='word_1_338' title='bbox 968 1587 1031 1618; x_wconf 82' lang='lat'><em>375</em></span> <span class='ocrx_word' id='word_1_339' title='bbox 1048 1586 1107 1627; x_wconf 89' lang='lat' dir='ltr'><em>H.)</em></span> <span class='ocrx_word' id='word_1_340' title='bbox 1137 1586 1257 1616; x_wconf 71' lang='lat' dir='ltr'><em>divisus</em></span> <span class='ocrx_word' id='word_1_341' title='bbox 1286 1587 1339 1622; x_wconf 87' lang='lat' dir='ltr'><em>est,</em></span> <span class='ocrx_word' id='word_1_342' title='bbox 1371 1585 1406 1615; x_wconf 88' lang='lat' dir='ltr'><em>in</em></span> <span class='ocrx_word' id='word_1_343' title='bbox 1429 1584 1701 1617; x_wconf 80' lang='lat' dir='ltr'><em>Scireburnensem</em></span> <span class='ocrx_word' id='word_1_344' title='bbox 1723 1583 1752 1613; x_wconf 85' lang='lat' dir='ltr'><em>et</em></span> <span class='ocrx_word' id='word_1_345' title='bbox 1772 1581 1896 1613; x_wconf 79' lang='lat' dir='ltr'><em>Winte-</em></span> 
     </span>
     <span class='ocr_line' id='line_1_29' title="bbox 250 1631 1897 1679; baseline -0.005 -7"><span class='ocrx_word' id='word_1_346' title='bbox 250 1651 387 1678; x_wconf 87' lang='lat' dir='ltr'><em>nenscm,</em></span> <span class='ocrx_word' id='word_1_347' title='bbox 422 1651 506 1672; x_wconf 82' lang='lat' dir='ltr'><em>anno</em></span> <span class='ocrx_word' id='word_1_348' title='bbox 541 1642 602 1671; x_wconf 82' lang='lat'><em>705</em></span> <span class='ocrx_word' id='word_1_349' title='bbox 642 1640 850 1679; x_wconf 83' lang='lat' dir='ltr'><em>episcopatum</em></span> <span class='ocrx_word' id='word_1_350' title='bbox 887 1638 1161 1671; x_wconf 85' lang='lat' dir='ltr'><em>Seireburnensem</em></span> <span class='ocrx_word' id='word_1_351' title='bbox 1196 1637 1357 1674; x_wconf 77' lang='lat' dir='ltr'><em>obtineret,</em></span> <span class='ocrx_word' id='word_1_352' title='bbox 1392 1646 1462 1668; x_wconf 87' lang='lat' dir='ltr'><em>cum</em></span> <span class='ocrx_word' id='word_1_353' title='bbox 1494 1635 1596 1666; x_wconf 86' lang='lat' dir='ltr'><em>altera</em></span> <span class='ocrx_word' id='word_1_354' title='bbox 1627 1634 1712 1665; x_wconf 86' lang='lat' dir='ltr'><em>sedes</em></span> <span class='ocrx_word' id='word_1_355' title='bbox 1742 1631 1897 1664; x_wconf 78' lang='lat' dir='ltr'><em>Danilzeli</em></span> 
     </span>
     <span class='ocr_line' id='line_1_30' title="bbox 249 1684 1896 1731; baseline -0.006 -7"><span class='ocrx_word' id='word_1_356' title='bbox 249 1693 391 1730; x_wconf 73' lang='lat' dir='ltr'><em>daretur,</em></span> <span class='ocrx_word' id='word_1_357' title='bbox 414 1693 469 1731; x_wconf 84' lang='lat' dir='ltr'><em>qui</em></span> <span class='ocrx_word' id='word_1_358' title='bbox 491 1693 556 1731; x_wconf 77' lang='lat' dir='ltr'><em>ipse</em></span> <span class='ocrx_word' id='word_1_359' title='bbox 577 1702 693 1731; x_wconf 82' lang='lat' dir='ltr'><em>quoque</em></span> <span class='ocrx_word' id='word_1_360' title='bbox 715 1690 1012 1722; x_wconf 72' lang='lat' dir='ltr'><em>Illalmesburicnsis</em></span> <span class='ocrx_word' id='word_1_361' title='bbox 1033 1690 1141 1728; x_wconf 81' lang='lat' dir='ltr'><em>suerat</em></span> <span class='ocrx_word' id='word_1_362' title='bbox 1163 1688 1364 1720; x_wconf 78' lang='lat' dir='ltr'><em>scholasticus</em></span> <span class='ocrx_word' id='word_1_363' title='bbox 1387 1687 1581 1728; x_wconf 85' lang='lat' dir='ltr'><em>(Willelmus</em></span> <span class='ocrx_word' id='word_1_364' title='bbox 1598 1697 1632 1726; x_wconf 84' lang='lat' dir='ltr'><em>p.</em></span> <span class='ocrx_word' id='word_1_365' title='bbox 1650 1685 1714 1716; x_wconf 85' lang='lat'><em>357</em></span> <span class='ocrx_word' id='word_1_366' title='bbox 1729 1684 1804 1723; x_wconf 87' lang='grc' dir='ltr'><em>Η.);</em></span> <span class='ocrx_word' id='word_1_367' title='bbox 1827 1694 1896 1715; x_wconf 88' lang='lat' dir='ltr'><em>cum</em></span> 
     </span>
     <span class='ocr_line' id='line_1_31' title="bbox 250 1735 1895 1783; baseline -0.005 -8"><span class='ocrx_word' id='word_1_368' title='bbox 250 1745 429 1783; x_wconf 79' lang='lat' dir='ltr'><em>episcopatu</em></span> <span class='ocrx_word' id='word_1_369' title='bbox 455 1743 613 1774; x_wconf 82' lang='lat' dir='ltr'><em>abbatiam</em></span> <span class='ocrx_word' id='word_1_370' title='bbox 643 1753 740 1782; x_wconf 78' lang='lat' dir='ltr'><em>usque</em></span> <span class='ocrx_word' id='word_1_371' title='bbox 767 1742 809 1773; x_wconf 81' lang='lat' dir='ltr'><em>ad</em></span> <span class='ocrx_word' id='word_1_372' title='bbox 835 1742 917 1773; x_wconf 76' lang='lat' dir='ltr'><em>vitae</em></span> <span class='ocrx_word' id='word_1_373' title='bbox 940 1742 1034 1780; x_wconf 79' lang='lat' dir='ltr'><em>finem</em></span> <span class='ocrx_word' id='word_1_374' title='bbox 1056 1740 1276 1772; x_wconf 77' lang='lat' dir='ltr'><em>&#39;monachorum</em></span> <span class='ocrx_word' id='word_1_375' title='bbox 1292 1740 1440 1779; x_wconf 84' lang='lat' dir='ltr'><em>precibus</em></span> <span class='ocrx_word' id='word_1_376' title='bbox 1462 1739 1629 1770; x_wconf 85' lang='lat' dir='ltr'><em>commotus</em></span> <span class='ocrx_word' id='word_1_377' title='bbox 1650 1735 1895 1768; x_wconf 63' lang='lat' dir='ltr'><em>administravit.</em></span> 
     </span>
     <span class='ocr_line' id='line_1_32' title="bbox 251 1786 1895 1834; baseline -0.005 -8"><span class='ocrx_word' id='word_1_378' title='bbox 251 1795 402 1826; x_wconf 83' lang='lat' dir='ltr'><em>Mortuus</em></span> <span class='ocrx_word' id='word_1_379' title='bbox 424 1798 468 1826; x_wconf 87' lang='lat' dir='ltr'><em>est</em></span> <span class='ocrx_word' id='word_1_380' title='bbox 490 1804 574 1825; x_wconf 84' lang='lat' dir='ltr'><em>anuo</em></span> <span class='ocrx_word' id='word_1_381' title='bbox 600 1796 660 1824; x_wconf 78' lang='grc'><em>709</em></span> <span class='ocrx_word' id='word_1_382' title='bbox 686 1795 718 1824; x_wconf 84' lang='lat' dir='ltr'><em>in</em></span> <span class='ocrx_word' id='word_1_383' title='bbox 740 1794 825 1833; x_wconf 67' lang='lat' dir='ltr'><em>villa,</em></span> <span class='ocrx_word' id='word_1_384' title='bbox 848 1804 929 1833; x_wconf 85' lang='lat' dir='ltr'><em>quae</em></span> <span class='ocrx_word' id='word_1_385' title='bbox 953 1796 1002 1824; x_wconf 80' lang='lat' dir='ltr'><em>est</em></span> <span class='ocrx_word' id='word_1_386' title='bbox 1024 1793 1055 1824; x_wconf 89' lang='lat' dir='ltr'><em>in</em></span> <span class='ocrx_word' id='word_1_387' title='bbox 1079 1803 1164 1834; x_wconf 82' lang='lat' dir='ltr'><em>pago</em></span> <span class='ocrx_word' id='word_1_388' title='bbox 1188 1791 1431 1833; x_wconf 79' lang='lat' dir='ltr'><em>Sumersetensi,</em></span> <span class='ocrx_word' id='word_1_389' title='bbox 1454 1791 1589 1832; x_wconf 79' lang='lat' dir='ltr'><em>Dulting</em></span> <span class='ocrx_word' id='word_1_390' title='bbox 1611 1789 1768 1820; x_wconf 71' lang='lat' dir='ltr'><em>vocabulo</em></span> <span class='ocrx_word' id='word_1_391' title='bbox 1792 1786 1895 1827; x_wconf 74' lang='lat' dir='ltr'><em>(Wu-</em></span> 
     </span>
     <span class='ocr_line' id='line_1_33' title="bbox 250 1839 1896 1887; baseline -0.005 -10"><span class='ocrx_word' id='word_1_392' title='bbox 250 1846 328 1878; x_wconf 86' lang='lat' dir='ltr'><em>lclm.</em></span> <span class='ocrx_word' id='word_1_393' title='bbox 350 1857 385 1885; x_wconf 85' lang='lat' dir='ltr'><em>p.</em></span> <span class='ocrx_word' id='word_1_394' title='bbox 404 1846 540 1887; x_wconf 66' lang='lat'><em>38211.)</em></span> <span class='ocrx_word' id='word_1_395' title='bbox 571 1846 770 1885; x_wconf 78' lang='lat' dir='ltr'><em>sepultusque</em></span> <span class='ocrx_word' id='word_1_396' title='bbox 798 1846 833 1876; x_wconf 84' lang='lat' dir='ltr'><em>in</em></span> <span class='ocrx_word' id='word_1_397' title='bbox 862 1845 1050 1876; x_wconf 83' lang='lat' dir='ltr'><em>monasterio</em></span> <span class='ocrx_word' id='word_1_398' title='bbox 1078 1843 1348 1875; x_wconf 84' lang='lat' dir='ltr'><em>Malmesberiensi</em></span> <span class='ocrx_word' id='word_1_399' title='bbox 1374 1843 1408 1874; x_wconf 89' lang='lat' dir='ltr'><em>in</em></span> <span class='ocrx_word' id='word_1_400' title='bbox 1437 1842 1545 1873; x_wconf 79' lang='lat' dir='ltr'><em>Sancti</em></span> <span class='ocrx_word' id='word_1_401' title='bbox 1572 1840 1742 1872; x_wconf 69' lang='lat' dir='ltr'><em>DIichaelis</em></span> <span class='ocrx_word' id='word_1_402' title='bbox 1770 1839 1896 1870; x_wconf 82' lang='lat' dir='ltr'><em>eeclesia</em></span> 
     </span>
     <span class='ocr_line' id='line_1_34' title="bbox 248 1891 1898 1938; baseline -0.005 -9"><span class='ocrx_word' id='word_1_403' title='bbox 248 1899 266 1937; x_wconf 88' lang='lat'><em>(</em></span> <span class='ocrx_word' id='word_1_404' title='bbox 273 1898 415 1930; x_wconf 84' lang='lat' dir='ltr'><em>Willelm.</em></span> <span class='ocrx_word' id='word_1_405' title='bbox 427 1909 461 1938; x_wconf 86' lang='lat' dir='ltr'><em>p.</em></span> <span class='ocrx_word' id='word_1_406' title='bbox 476 1898 538 1928; x_wconf 59' lang='lat'><em>335</em></span> <span class='ocrx_word' id='word_1_407' title='bbox 550 1897 625 1935; x_wconf 83' lang='lat' dir='ltr'><em>Il.).·</em></span> <span class='ocrx_word' id='word_1_408' title='bbox 648 1897 750 1928; x_wconf 82' lang='lat' dir='ltr'><em>eodem</em></span> <span class='ocrx_word' id='word_1_409' title='bbox 773 1907 858 1928; x_wconf 83' lang='lat' dir='ltr'><em>ann-o</em></span> <span class='ocrx_word' id='word_1_410' title='bbox 881 1897 975 1927; x_wconf 85' lang='lat' dir='ltr'><em>ctiam</em></span> <span class='ocrx_word' id='word_1_411' title='bbox 991 1896 1182 1927; x_wconf 84' lang='lat' dir='ltr'><em>Hadrianus</em></span> <span class='ocrx_word' id='word_1_412' title='bbox 1203 1895 1308 1933; x_wconf 84' lang='lat' dir='ltr'><em>abbas,</em></span> <span class='ocrx_word' id='word_1_413' title='bbox 1331 1895 1479 1935; x_wconf 82' lang='lat' dir='ltr'><em>maqister</em></span> <span class='ocrx_word' id='word_1_414' title='bbox 1493 1893 1658 1930; x_wconf 79' lang='lat' dir='ltr'><em>Aldlielmi,</em></span> <span class='ocrx_word' id='word_1_415' title='bbox 1682 1894 1710 1923; x_wconf 87' lang='lat' dir='ltr'><em>et</em></span> <span class='ocrx_word' id='word_1_416' title='bbox 1724 1891 1898 1929; x_wconf 84' lang='lat' dir='ltr'><em>Wilfridus</em></span> 
     </span>
     <span class='ocr_line' id='line_1_35' title="bbox 253 1948 923 1989; baseline -0.001 -10"><span class='ocrx_word' id='word_1_417' title='bbox 253 1950 418 1989; x_wconf 64' lang='lat' dir='ltr'><em>episcopm,</em></span> <span class='ocrx_word' id='word_1_418' title='bbox 441 1949 562 1980; x_wconf 85' lang='lat' dir='ltr'><em>amicus</em></span> <span class='ocrx_word' id='word_1_419' title='bbox 585 1948 751 1986; x_wconf 76' lang='lat' dir='ltr'><em>Aldlzelmi,</em></span> <span class='ocrx_word' id='word_1_420' title='bbox 774 1948 923 1979; x_wconf 85' lang='lat' dir='ltr'><em>obierunt.</em></span> 
     </span>
    </p>

    <p class='ocr_par' dir='ltr' id='par_1_5' title="bbox 250 1993 1899 2298">
     <span class='ocr_line' id='line_1_36' title="bbox 352 1993 1897 2037; baseline -0.005 -6"><span class='ocrx_word' id='word_1_421' title='bbox 352 2001 541 2031; x_wconf 86' lang='lat' dir='ltr'><em>Instaurata</em></span> <span class='ocrx_word' id='word_1_422' title='bbox 565 2002 609 2030; x_wconf 83' lang='lat' dir='ltr'><em>est</em></span> <span class='ocrx_word' id='word_1_423' title='bbox 629 2000 776 2031; x_wconf 82' lang='lat' dir='ltr'><em>memoria</em></span> <span class='ocrx_word' id='word_1_424' title='bbox 792 2000 952 2031; x_wconf 74' lang='lat' dir='ltr'><em>Aldlielmi</em></span> <span class='ocrx_word' id='word_1_425' title='bbox 974 2010 994 2030; x_wconf 90' lang='lat' dir='ltr'><em>a</em></span> <span class='ocrx_word' id='word_1_426' title='bbox 1010 1999 1183 2031; x_wconf 85' lang='lat' dir='ltr'><em>Dunstano</em></span> <span class='ocrx_word' id='word_1_427' title='bbox 1205 1998 1397 2030; x_wconf 84' lang='lat' dir='ltr'><em>celeberrimo</em></span> <span class='ocrx_word' id='word_1_428' title='bbox 1419 1996 1649 2037; x_wconf 78' lang='lat' dir='ltr'><em>archiepiscopo</em></span> <span class='ocrx_word' id='word_1_429' title='bbox 1671 1993 1897 2027; x_wconf 82' lang='lat' dir='ltr'><em>C&#39;antuaricnsi</em></span> 
     </span>
     <span class='ocr_line' id='line_1_37' title="bbox 250 2045 1897 2092; baseline -0.005 -8"><span class='ocrx_word' id='word_1_430' title='bbox 250 2051 286 2092; x_wconf 88' lang='lat'><em>(†</em></span> <span class='ocrx_word' id='word_1_431' title='bbox 303 2062 332 2081; x_wconf 90' lang='lat' dir='ltr'><em>a.</em></span> <span class='ocrx_word' id='word_1_432' title='bbox 349 2052 379 2083; x_wconf 88' lang='lat' dir='ltr'><em>d.</em></span> <span class='ocrx_word' id='word_1_433' title='bbox 397 2052 482 2091; x_wconf 69' lang='lat'><em>988),</em></span> <span class='ocrx_word' id='word_1_434' title='bbox 512 2052 568 2090; x_wconf 82' lang='lat' dir='ltr'><em>qui</em></span> <span class='ocrx_word' id='word_1_435' title='bbox 593 2052 628 2082; x_wconf 79' lang='lat' dir='ltr'><em>in</em></span> <span class='ocrx_word' id='word_1_436' title='bbox 650 2052 835 2083; x_wconf 83' lang='lat' dir='ltr'><em>monasterio</em></span> <span class='ocrx_word' id='word_1_437' title='bbox 860 2051 1138 2083; x_wconf 84' lang='lat' dir='ltr'><em>Malmesburiensi</em></span> <span class='ocrx_word' id='word_1_438' title='bbox 1164 2060 1335 2092; x_wconf 86' lang='lat' dir='ltr'><em>campanas</em></span> <span class='ocrx_word' id='word_1_439' title='bbox 1361 2058 1571 2090; x_wconf 77' lang='lat' dir='ltr'><em>oryanumque</em></span> <span class='ocrx_word' id='word_1_440' title='bbox 1600 2049 1629 2078; x_wconf 86' lang='lat' dir='ltr'><em>et</em></span> <span class='ocrx_word' id='word_1_441' title='bbox 1655 2057 1733 2078; x_wconf 79' lang='lat' dir='ltr'><em>vasa</em></span> <span class='ocrx_word' id='word_1_442' title='bbox 1754 2055 1847 2077; x_wconf 89' lang='lat' dir='ltr'><em>saera</em></span> <span class='ocrx_word' id='word_1_443' title='bbox 1869 2045 1897 2076; x_wconf 85' lang='lat' dir='ltr'><em>ei</em></span> 
     </span>
     <span class='ocr_line' id='line_1_38' title="bbox 253 2097 1898 2144; baseline -0.002 -12"><span class='ocrx_word' id='word_1_444' title='bbox 253 2102 406 2132; x_wconf 81' lang='lat' dir='ltr'><em>dedicavit</em></span> <span class='ocrx_word' id='word_1_445' title='bbox 433 2102 663 2142; x_wconf 81' lang='lat' dir='ltr'><em>Dauorumque</em></span> <span class='ocrx_word' id='word_1_446' title='bbox 691 2105 828 2134; x_wconf 75' lang='lat' dir='ltr'><em>metucns</em></span> <span class='ocrx_word' id='word_1_447' title='bbox 857 2103 990 2144; x_wconf 80' lang='lat' dir='ltr'><em>rapinas</em></span> <span class='ocrx_word' id='word_1_448' title='bbox 1016 2112 1128 2142; x_wconf 85' lang='lat' dir='ltr'><em>corpus</em></span> <span class='ocrx_word' id='word_1_449' title='bbox 1157 2104 1222 2133; x_wconf 87' lang='lat' dir='ltr'><em>tum</em></span> <span class='ocrx_word' id='word_1_450' title='bbox 1252 2102 1286 2133; x_wconf 90' lang='lat' dir='ltr'><em>in</em></span> <span class='ocrx_word' id='word_1_451' title='bbox 1314 2103 1458 2142; x_wconf 79' lang='lat' dir='ltr'><em>arqentco</em></span> <span class='ocrx_word' id='word_1_452' title='bbox 1485 2100 1603 2131; x_wconf 86' lang='lat' dir='ltr'><em>scrinio</em></span> <span class='ocrx_word' id='word_1_453' title='bbox 1630 2098 1804 2138; x_wconf 68' lang='lat' dir='ltr'><em>depositura</em></span> <span class='ocrx_word' id='word_1_454' title='bbox 1833 2097 1898 2128; x_wconf 84' lang='lat' dir='ltr'><em>iam</em></span> 
     </span>
     <span class='ocr_line' id='line_1_39' title="bbox 252 2147 1899 2194; baseline -0.003 -11"><span class='ocrx_word' id='word_1_455' title='bbox 252 2153 390 2194; x_wconf 80' lang='lat' dir='ltr'><em>‘lapideo</em></span> <span class='ocrx_word' id='word_1_456' title='bbox 421 2154 598 2194; x_wconf 74' lang='lat' dir='ltr'><em>composuit</em></span> <span class='ocrx_word' id='word_1_457' title='bbox 629 2153 760 2185; x_wconf 62' lang='lat' dir='ltr'><em>tumul&amp;</em></span> <span class='ocrx_word' id='word_1_458' title='bbox 791 2154 955 2193; x_wconf 84' lang='lat' dir='ltr'><em>(Willelm.</em></span> <span class='ocrx_word' id='word_1_459' title='bbox 976 2165 1008 2193; x_wconf 86' lang='lat' dir='ltr'><em>p.</em></span> <span class='ocrx_word' id='word_1_460' title='bbox 1025 2156 1090 2184; x_wconf 79' lang='lat'><em>407</em></span> <span class='ocrx_word' id='word_1_461' title='bbox 1099 2164 1142 2192; x_wconf 87' lang='lat' dir='ltr'><em>sq.</em></span> <span class='ocrx_word' id='word_1_462' title='bbox 1155 2153 1223 2194; x_wconf 66' lang='lat' dir='ltr'><em>H),</em></span> <span class='ocrx_word' id='word_1_463' title='bbox 1272 2153 1366 2184; x_wconf 85' lang='lat' dir='ltr'><em>Anno</em></span> <span class='ocrx_word' id='word_1_464' title='bbox 1396 2153 1480 2182; x_wconf 77' lang='lat'><em>1080</em></span> <span class='ocrx_word' id='word_1_465' title='bbox 1509 2150 1715 2191; x_wconf 72' lang='lat' dir='ltr'><em>Lanfiancus</em></span> <span class='ocrx_word' id='word_1_466' title='bbox 1745 2147 1899 2187; x_wconf 75' lang='lat' dir='ltr'><em>arehiepi-</em></span> 
     </span>
     <span class='ocr_line' id='line_1_40' title="bbox 255 2200 1898 2248; baseline -0.002 -15"><span class='ocrx_word' id='word_1_467' title='bbox 255 2213 365 2241; x_wconf 87' lang='lat' dir='ltr'><em>scopus</em></span> <span class='ocrx_word' id='word_1_468' title='bbox 388 2204 492 2244; x_wconf 76' lang='lat' dir='ltr'><em>legem</em></span> <span class='ocrx_word' id='word_1_469' title='bbox 517 2205 547 2234; x_wconf 87' lang='lat' dir='ltr'><em>in</em></span> <span class='ocrx_word' id='word_1_470' title='bbox 572 2208 673 2235; x_wconf 73' lang='lat' dir='ltr'><em>totam</em></span> <span class='ocrx_word' id='word_1_471' title='bbox 697 2206 912 2248; x_wconf 78' lang='lat' dir='ltr'><em>promulgavit</em></span> <span class='ocrx_word' id='word_1_472' title='bbox 935 2205 1100 2247; x_wconf 69' lang='lat' dir='ltr'><em>Angliam,</em></span> <span class='ocrx_word' id='word_1_473' title='bbox 1131 2216 1194 2246; x_wconf 82' lang='lat' dir='ltr'><em>qua</em></span> <span class='ocrx_word' id='word_1_474' title='bbox 1222 2215 1296 2235; x_wconf 87' lang='lat' dir='ltr'><em>eum</em></span> <span class='ocrx_word' id='word_1_475' title='bbox 1325 2205 1544 2235; x_wconf 71' lang='lat' dir='ltr'><em>incunctanter</em></span> <span class='ocrx_word' id='word_1_476' title='bbox 1565 2202 1679 2234; x_wconf 83' lang='lat' dir='ltr'><em>haberi</em></span> <span class='ocrx_word' id='word_1_477' title='bbox 1702 2203 1734 2232; x_wconf 80' lang='lat' dir='ltr'><em>et</em></span> <span class='ocrx_word' id='word_1_478' title='bbox 1756 2200 1818 2231; x_wconf 82' lang='lat' dir='ltr'><em>coli</em></span> <span class='ocrx_word' id='word_1_479' title='bbox 1841 2209 1898 2241; x_wconf 86' lang='lat' dir='ltr'><em>pro</em></span> 
     </span>
     <span class='ocr_line' id='line_1_41' title="bbox 252 2250 1898 2298; baseline -0.001 -13"><span class='ocrx_word' id='word_1_480' title='bbox 252 2253 368 2285; x_wconf 81' lang='lat' dir='ltr'><em>Sancto</em></span> <span class='ocrx_word' id='word_1_481' title='bbox 393 2256 594 2296; x_wconf 77' lang='lat' dir='ltr'><em>praeciperet</em></span> <span class='ocrx_word' id='word_1_482' title='bbox 619 2257 791 2298; x_wconf 78' lang='lat' dir='ltr'><em>statimque</em></span> <span class='ocrx_word' id='word_1_483' title='bbox 815 2257 968 2289; x_wconf 79' lang='lat' dir='ltr'><em>annuales</em></span> <span class='ocrx_word' id='word_1_484' title='bbox 989 2257 1031 2288; x_wconf 85' lang='lat' dir='ltr'><em>ad</em></span> <span class='ocrx_word' id='word_1_485' title='bbox 1055 2257 1173 2288; x_wconf 66' lang='lat' dir='ltr'><em>festum</em></span> <span class='ocrx_word' id='word_1_486' title='bbox 1197 2257 1264 2287; x_wconf 87' lang='lat' dir='ltr'><em>eius</em></span> <span class='ocrx_word' id='word_1_487' title='bbox 1283 2256 1447 2286; x_wconf 78' lang='lat' dir='ltr'><em>institutae</em></span> <span class='ocrx_word' id='word_1_488' title='bbox 1467 2257 1538 2285; x_wconf 78' lang='lat' dir='ltr'><em>sunt</em></span> <span class='ocrx_word' id='word_1_489' title='bbox 1556 2253 1716 2285; x_wconf 81' lang='lat' dir='ltr'><em>nundinae</em></span> <span class='ocrx_word' id='word_1_490' title='bbox 1736 2250 1898 2292; x_wconf 77' lang='lat' dir='ltr'><em>(Willelm.</em></span> 
     </span>
    </p>
   </div>
   <div class='ocr_carea' id='block_1_3' title="bbox 250 2353 1900 2817">
    <p class='ocr_par' dir='ltr' id='par_1_6' title="bbox 250 2353 1898 2563">
     <span class='ocr_line' id='line_1_42' title="bbox 284 2353 1898 2401; baseline -0.001 -20"><span class='ocrx_word' id='word_1_491' title='bbox 284 2397 288 2401; x_wconf 85' lang='lat'><em>.</em></span> <span class='ocrx_word' id='word_1_492' title='bbox 357 2356 382 2387; x_wconf 90' lang='lat'><em>1)</em></span> <span class='ocrx_word' id='word_1_493' title='bbox 402 2356 532 2382; x_wconf 77' lang='lat' dir='ltr'><em>Faricius</em></span> <span class='ocrx_word' id='word_1_494' title='bbox 555 2366 582 2391; x_wconf 90' lang='lat' dir='ltr'><em>p.</em></span> <span class='ocrx_word' id='word_1_495' title='bbox 595 2361 645 2384; x_wconf 70' lang='lat'><em>357</em></span> <span class='ocrx_word' id='word_1_496' title='bbox 659 2359 690 2385; x_wconf 81' lang='lat' dir='ltr'><em>G.</em></span> <span class='ocrx_word' id='word_1_497' title='bbox 708 2362 804 2385; x_wconf 66' lang='lat' dir='ltr'><em>morat</em></span> <span class='ocrx_word' id='word_1_498' title='bbox 822 2360 903 2385; x_wconf 75' lang='lat' dir='ltr'><em>lnam</em></span> <span class='ocrx_word' id='word_1_499' title='bbox 926 2367 1010 2393; x_wconf 66' lang='lat' dir='ltr'><em>regem</em></span> <span class='ocrx_word' id='word_1_500' title='bbox 1033 2359 1069 2385; x_wconf 85' lang='lat' dir='ltr'><em>ad</em></span> <span class='ocrx_word' id='word_1_501' title='bbox 1092 2357 1304 2390; x_wconf 70' lang='lat' dir='ltr'><em>confirmandam</em></span> <span class='ocrx_word' id='word_1_502' title='bbox 1323 2356 1456 2382; x_wconf 78' lang='lat' dir='ltr'><em>Aldhelmi</em></span> <span class='ocrx_word' id='word_1_503' title='bbox 1481 2355 1620 2381; x_wconf 83' lang='lat' dir='ltr'><em>litteralem</em></span> <span class='ocrx_word' id='word_1_504' title='bbox 1644 2354 1782 2380; x_wconf 83' lang='lat' dir='ltr'><em>seientiam</em></span> <span class='ocrx_word' id='word_1_505' title='bbox 1801 2353 1898 2388; x_wconf 78' lang='lat' dir='ltr'><em>graiae</em></span> 
     </span>
     <span class='ocr_line' id='line_1_43' title="bbox 253 2395 1897 2435; baseline -0.001 -13"><span class='ocrx_word' id='word_1_506' title='bbox 253 2398 303 2429; x_wconf 73' lang='lat'><em>(816</em></span> <span class='ocrx_word' id='word_1_507' title='bbox 323 2399 378 2424; x_wconf 85' lang='lat' dir='ltr'><em>cod.</em></span> <span class='ocrx_word' id='word_1_508' title='bbox 399 2399 560 2433; x_wconf 62' lang='lat' dir='ltr'><em>Gaulum-iq„</em></span> <span class='ocrx_word' id='word_1_509' title='bbox 586 2409 639 2426; x_wconf 80' lang='lat' dir='ltr'><em>non</em></span> <span class='ocrx_word' id='word_1_510' title='bbox 660 2402 780 2435; x_wconf 78' lang='lat' dir='ltr'><em>gratiae)</em></span> <span class='ocrx_word' id='word_1_511' title='bbox 800 2402 946 2428; x_wconf 84' lang='lat' dir='ltr'><em>facundiae</em></span> <span class='ocrx_word' id='word_1_512' title='bbox 968 2423 992 2428; x_wconf 93' lang='lat'><em>..</em></span> <span class='ocrx_word' id='word_1_513' title='bbox 1010 2402 1097 2428; x_wconf 82' lang='lat' dir='ltr'><em>bonos</em></span> <span class='ocrx_word' id='word_1_514' title='bbox 1117 2401 1242 2427; x_wconf 85' lang='lat' dir='ltr'><em>doctores</em></span> <span class='ocrx_word' id='word_1_515' title='bbox 1261 2399 1387 2434; x_wconf 81' lang='lat' dir='ltr'><em>apprime</em></span> <span class='ocrx_word' id='word_1_516' title='bbox 1406 2399 1512 2433; x_wconf 78' lang='lat' dir='ltr'><em>peritos</em></span> <span class='ocrx_word' id='word_1_517' title='bbox 1532 2398 1567 2424; x_wconf 81' lang='lat' dir='ltr'><em>ab</em></span> <span class='ocrx_word' id='word_1_518' title='bbox 1590 2397 1706 2424; x_wconf 76' lang='lat' dir='ltr'><em>Athenis</em></span> <span class='ocrx_word' id='word_1_519' title='bbox 1724 2395 1897 2423; x_wconf 81' lang='lat' dir='ltr'><em>conduxisse:</em></span> 
     </span>
     <span class='ocr_line' id='line_1_44' title="bbox 254 2439 1896 2486; baseline 0.001 -23"><span class='ocrx_word' id='word_1_520' title='bbox 254 2440 394 2486; x_wconf 55' lang='lat' dir='ltr'><em>confundit</em></span> <span class='ocrx_word' id='word_1_521' title='bbox 418 2442 501 2474; x_wconf 72' lang='lat' dir='ltr'><em>iqitur</em></span> <span class='ocrx_word' id='word_1_522' title='bbox 523 2452 566 2475; x_wconf 74' lang='lat' dir='ltr'><em>ea,</em></span> <span class='ocrx_word' id='word_1_523' title='bbox 591 2452 657 2476; x_wconf 77' lang='lat' dir='ltr'><em>quac</em></span> <span class='ocrx_word' id='word_1_524' title='bbox 676 2453 774 2477; x_wconf 81' lang='lat' dir='ltr'><em>parum</em></span> <span class='ocrx_word' id='word_1_525' title='bbox 799 2448 924 2471; x_wconf 79' lang='lat' dir='ltr'><em>accurate</em></span> <span class='ocrx_word' id='word_1_526' title='bbox 948 2445 980 2471; x_wconf 83' lang='lat' dir='ltr'><em>de</em></span> <span class='ocrx_word' id='word_1_527' title='bbox 1002 2444 1104 2470; x_wconf 78' lang='lat' dir='ltr'><em>(luobus</em></span> <span class='ocrx_word' id='word_1_528' title='bbox 1126 2444 1260 2478; x_wconf 70' lang='lat' dir='ltr'><em>magistris</em></span> <span class='ocrx_word' id='word_1_529' title='bbox 1281 2442 1531 2473; x_wconf 66' lang='lat' dir='ltr'><em>cantuarie-nsum,</em></span> <span class='ocrx_word' id='word_1_530' title='bbox 1559 2440 1589 2466; x_wconf 85' lang='lat' dir='ltr'><em>de</em></span> <span class='ocrx_word' id='word_1_531' title='bbox 1613 2439 1708 2473; x_wconf 83' lang='lat' dir='ltr'><em>quibus</em></span> <span class='ocrx_word' id='word_1_532' title='bbox 1730 2439 1771 2465; x_wconf 83' lang='lat' dir='ltr'><em>nil</em></span> <span class='ocrx_word' id='word_1_533' title='bbox 1792 2441 1896 2470; x_wconf 81' lang='lat' dir='ltr'><em>narrat,</em></span> 
     </span>
     <span class='ocr_line' id='line_1_45' title="bbox 255 2482 1898 2519; baseline 0.001 -12"><span class='ocrx_word' id='word_1_534' title='bbox 255 2482 400 2514; x_wconf 63' lang='lat' dir='ltr'><em>muln-crat,</em></span> <span class='ocrx_word' id='word_1_535' title='bbox 425 2487 449 2509; x_wconf 73' lang='lat' dir='ltr'><em>ct</em></span> <span class='ocrx_word' id='word_1_536' title='bbox 471 2493 513 2516; x_wconf 83' lang='lat' dir='ltr'><em>ea,</em></span> <span class='ocrx_word' id='word_1_537' title='bbox 538 2494 604 2518; x_wconf 74' lang='lat' dir='ltr'><em>qnae</em></span> <span class='ocrx_word' id='word_1_538' title='bbox 621 2486 651 2511; x_wconf 84' lang='lat' dir='ltr'><em>de</em></span> <span class='ocrx_word' id='word_1_539' title='bbox 672 2487 738 2513; x_wconf 81' lang='lat' dir='ltr'><em>Inac</em></span> <span class='ocrx_word' id='word_1_540' title='bbox 756 2496 815 2513; x_wconf 82' lang='lat' dir='ltr'><em>cum</em></span> <span class='ocrx_word' id='word_1_541' title='bbox 834 2488 969 2514; x_wconf 77' lang='lat' dir='ltr'><em>Aldlzelmo</em></span> <span class='ocrx_word' id='word_1_542' title='bbox 991 2486 1182 2514; x_wconf 79' lang='lat' dir='ltr'><em>necessitudine</em></span> <span class='ocrx_word' id='word_1_543' title='bbox 1205 2486 1309 2519; x_wconf 76' lang='lat' dir='ltr'><em>coqnita</em></span> <span class='ocrx_word' id='word_1_544' title='bbox 1333 2485 1435 2511; x_wconf 78' lang='lat' dir='ltr'><em>habuit.</em></span> <span class='ocrx_word' id='word_1_545' title='bbox 1470 2484 1525 2510; x_wconf 86' lang='lat' dir='ltr'><em>Ina</em></span> <span class='ocrx_word' id='word_1_546' title='bbox 1547 2483 1616 2510; x_wconf 81' lang='lat' dir='ltr'><em>enim</em></span> <span class='ocrx_word' id='word_1_547' title='bbox 1634 2483 1680 2516; x_wconf 84' lang='lat' dir='ltr'><em>qui</em></span> <span class='ocrx_word' id='word_1_548' title='bbox 1698 2490 1822 2509; x_wconf 82' lang='lat' dir='ltr'><em>arcessere</em></span> <span class='ocrx_word' id='word_1_549' title='bbox 1840 2485 1898 2508; x_wconf 80' lang='lat' dir='ltr'><em>tum</em></span> 
     </span>
     <span class='ocr_line' id='line_1_46' title="bbox 250 2526 1096 2563; baseline 0.009 -15"><span class='ocrx_word' id='word_1_550' title='bbox 250 2526 340 2556; x_wconf 76' lang='lat' dir='ltr'><em>potuit</em></span> <span class='ocrx_word' id='word_1_551' title='bbox 358 2527 497 2559; x_wconf 60' lang='lat' dir='ltr'><em>magliam-os</em></span> <span class='ocrx_word' id='word_1_552' title='bbox 516 2529 627 2554; x_wconf 77' lang='lat' dir='ltr'><em>Athenis</em></span> <span class='ocrx_word' id='word_1_553' title='bbox 646 2530 700 2554; x_wconf 76' lang='lat' dir='ltr'><em>nisi</em></span> <span class='ocrx_word' id='word_1_554' title='bbox 716 2538 767 2562; x_wconf 85' lang='lat' dir='ltr'><em>per</em></span> <span class='ocrx_word' id='word_1_555' title='bbox 785 2530 894 2556; x_wconf 82' lang='lat' dir='ltr'><em>Italiam</em></span> <span class='ocrx_word' id='word_1_556' title='bbox 915 2528 1096 2563; x_wconf 73' lang='lat' dir='ltr'><em>Romamque?</em></span> 
     </span>
    </p>

    <p class='ocr_par' dir='ltr' id='par_1_7' title="bbox 252 2567 1900 2817">
     <span class='ocr_line' id='line_1_47' title="bbox 357 2567 1900 2605; baseline 0 -12"><span class='ocrx_word' id='word_1_557' title='bbox 357 2568 383 2601; x_wconf 58' lang='lat'><em>2)</em></span> <span class='ocrx_word' id='word_1_558' title='bbox 404 2569 495 2595; x_wconf 73' lang='lat' dir='ltr'><em>Etiam</em></span> <span class='ocrx_word' id='word_1_559' title='bbox 524 2572 678 2603; x_wconf 61' lang='lat' dir='ltr'><em>Bonifatius</em></span> <span class='ocrx_word' id='word_1_560' title='bbox 702 2581 775 2598; x_wconf 79' lang='lat' dir='ltr'><em>anno</em></span> <span class='ocrx_word' id='word_1_561' title='bbox 804 2574 860 2604; x_wconf 77' lang='lat' dir='ltr'><em>(cre</em></span> <span class='ocrx_word' id='word_1_562' title='bbox 887 2573 1018 2598; x_wconf 83' lang='lat' dir='ltr'><em>tricesimo</em></span> <span class='ocrx_word' id='word_1_563' title='bbox 1041 2572 1178 2605; x_wconf 74' lang='lat' dir='ltr'><em>presbyter</em></span> <span class='ocrx_word' id='word_1_564' title='bbox 1207 2572 1299 2603; x_wconf 76' lang='lat' dir='ltr'><em>sactus</em></span> <span class='ocrx_word' id='word_1_565' title='bbox 1322 2573 1358 2596; x_wconf 74' lang='lat' dir='ltr'><em>est</em></span> <span class='ocrx_word' id='word_1_566' title='bbox 1383 2571 1419 2604; x_wconf 81' lang='lat' dir='ltr'><em>ef.</em></span> <span class='ocrx_word' id='word_1_567' title='bbox 1435 2569 1604 2596; x_wconf 70' lang='lat' dir='ltr'><em>Willihaldas</em></span> <span class='ocrx_word' id='word_1_568' title='bbox 1627 2569 1682 2594; x_wconf 78' lang='lat' dir='ltr'><em>rita</em></span> <span class='ocrx_word' id='word_1_569' title='bbox 1706 2567 1830 2599; x_wconf 80' lang='lat' dir='ltr'><em>Bonifat.</em></span> <span class='ocrx_word' id='word_1_570' title='bbox 1849 2570 1900 2594; x_wconf 80' lang='lat' dir='ltr'><em>c.3</em></span> 
     </span>
     <span class='ocr_line' id='line_1_48' title="bbox 252 2610 1898 2649; baseline 0.001 -14"><span class='ocrx_word' id='word_1_571' title='bbox 252 2614 324 2642; x_wconf 79' lang='lat' dir='ltr'><em>p.12</em></span> <span class='ocrx_word' id='word_1_572' title='bbox 348 2612 476 2638; x_wconf 60' lang='lat' dir='ltr'><em>Leman.-</em></span> <span class='ocrx_word' id='word_1_573' title='bbox 514 2617 625 2641; x_wconf 69' lang='lat' dir='ltr'><em>sanetne</em></span> <span class='ocrx_word' id='word_1_574' title='bbox 654 2615 822 2642; x_wconf 81' lang='lat' dir='ltr'><em>humilitatis</em></span> <span class='ocrx_word' id='word_1_575' title='bbox 850 2616 975 2649; x_wconf 78' lang='lat' dir='ltr'><em>prosectu</em></span> <span class='ocrx_word' id='word_1_576' title='bbox 1000 2615 1075 2641; x_wconf 77' lang='lat' dir='ltr'><em>XXX</em></span> <span class='ocrx_word' id='word_1_577' title='bbox 1100 2616 1150 2641; x_wconf 75' lang='lat' dir='ltr'><em>aut</em></span> <span class='ocrx_word' id='word_1_578' title='bbox 1176 2623 1208 2640; x_wconf 77' lang='lat' dir='ltr'><em>eo</em></span> <span class='ocrx_word' id='word_1_579' title='bbox 1235 2613 1355 2648; x_wconf 84' lang='lat' dir='ltr'><em>amplius</em></span> <span class='ocrx_word' id='word_1_580' title='bbox 1381 2621 1514 2639; x_wconf 86' lang='lat' dir='ltr'><em>annorum</em></span> <span class='ocrx_word' id='word_1_581' title='bbox 1543 2612 1648 2638; x_wconf 84' lang='lat' dir='ltr'><em>habens</em></span> <span class='ocrx_word' id='word_1_582' title='bbox 1671 2612 1793 2638; x_wconf 78' lang='lat' dir='ltr'><em>aetatem</em></span> <span class='ocrx_word' id='word_1_583' title='bbox 1812 2630 1839 2637; x_wconf 88' lang='lat'><em>..</em></span> <span class='ocrx_word' id='word_1_584' title='bbox 1862 2610 1898 2637; x_wconf 81' lang='lat' dir='ltr'><em>ad</em></span> 
     </span>
     <span class='ocr_line' id='line_1_49' title="bbox 257 2653 1898 2690; baseline 0.001 -13"><span class='ocrx_word' id='word_1_585' title='bbox 257 2653 435 2680; x_wconf 52' lang='lat' dir='ltr'><em>sacerdotalis</em></span> <span class='ocrx_word' id='word_1_586' title='bbox 456 2656 538 2681; x_wconf 65' lang='lat' dir='ltr'><em>officii</em></span> <span class='ocrx_word' id='word_1_587' title='bbox 558 2657 674 2689; x_wconf 75' lang='lat' dir='ltr'><em>gradum</em></span> <span class='ocrx_word' id='word_1_588' title='bbox 695 2678 719 2683; x_wconf 90' lang='lat'><em>..</em></span> <span class='ocrx_word' id='word_1_589' title='bbox 741 2658 866 2685; x_wconf 64' lang='lat' dir='ltr'><em>accessit.</em></span> <span class='ocrx_word' id='word_1_590' title='bbox 906 2658 996 2684; x_wconf 75' lang='lat' dir='ltr'><em>Certus</em></span> <span class='ocrx_word' id='word_1_591' title='bbox 1019 2661 1105 2683; x_wconf 74' lang='lat' dir='ltr'><em>autem</em></span> <span class='ocrx_word' id='word_1_592' title='bbox 1129 2666 1221 2683; x_wconf 81' lang='lat' dir='ltr'><em>annus</em></span> <span class='ocrx_word' id='word_1_593' title='bbox 1239 2660 1305 2683; x_wconf 81' lang='lat' dir='ltr'><em>tunc</em></span> <span class='ocrx_word' id='word_1_594' title='bbox 1324 2656 1483 2690; x_wconf 63' lang='lat' dir='ltr'><em>presbyterio</em></span> <span class='ocrx_word' id='word_1_595' title='bbox 1500 2655 1628 2687; x_wconf 82' lang='lat' dir='ltr'><em>definitus</em></span> <span class='ocrx_word' id='word_1_596' title='bbox 1644 2662 1697 2680; x_wconf 83' lang='lat' dir='ltr'><em>esse</em></span> <span class='ocrx_word' id='word_1_597' title='bbox 1714 2662 1770 2679; x_wconf 84' lang='lat' dir='ltr'><em>uon</em></span> <span class='ocrx_word' id='word_1_598' title='bbox 1788 2653 1898 2686; x_wconf 63' lang='lat' dir='ltr'><em>videtum,</em></span> 
     </span>
     <span class='ocr_line' id='line_1_50' title="bbox 255 2695 1897 2732; baseline 0 -11"><span class='ocrx_word' id='word_1_599' title='bbox 255 2697 300 2721; x_wconf 68' lang='lat' dir='ltr'><em>ml</em></span> <span class='ocrx_word' id='word_1_600' title='bbox 318 2697 436 2729; x_wconf 65' lang='lat' dir='ltr'><em>episeopo</em></span> <span class='ocrx_word' id='word_1_601' title='bbox 454 2706 500 2722; x_wconf 76' lang='lat' dir='ltr'><em>sun</em></span> <span class='ocrx_word' id='word_1_602' title='bbox 515 2700 626 2725; x_wconf 77' lang='lat' dir='ltr'><em>arbitrio</em></span> <span class='ocrx_word' id='word_1_603' title='bbox 638 2701 715 2725; x_wconf 70' lang='lat' dir='ltr'><em>etiam</em></span> <span class='ocrx_word' id='word_1_604' title='bbox 729 2703 791 2726; x_wconf 76' lang='lat' dir='ltr'><em>ante</em></span> <span class='ocrx_word' id='word_1_605' title='bbox 803 2710 907 2726; x_wconf 73' lang='lat' dir='ltr'><em>amium</em></span> <span class='ocrx_word' id='word_1_606' title='bbox 921 2702 1075 2727; x_wconf 74' lang='lat' dir='ltr'><em>tricesimum</em></span> <span class='ocrx_word' id='word_1_607' title='bbox 1094 2700 1122 2725; x_wconf 80' lang='lat' dir='ltr'><em>id</em></span> <span class='ocrx_word' id='word_1_608' title='bbox 1139 2700 1241 2732; x_wconf 81' lang='lat' dir='ltr'><em>deferre</em></span> <span class='ocrx_word' id='word_1_609' title='bbox 1253 2699 1356 2725; x_wconf 83' lang='lat' dir='ltr'><em>licuisse</em></span> <span class='ocrx_word' id='word_1_610' title='bbox 1373 2702 1407 2732; x_wconf 78' lang='lat' dir='ltr'><em>cf.</em></span> <span class='ocrx_word' id='word_1_611' title='bbox 1421 2698 1551 2730; x_wconf 79' lang='lat' dir='ltr'><em>Boenhoff</em></span> <span class='ocrx_word' id='word_1_612' title='bbox 1562 2707 1591 2732; x_wconf 83' lang='lat' dir='ltr'><em>p.</em></span> <span class='ocrx_word' id='word_1_613' title='bbox 1601 2702 1640 2725; x_wconf 82' lang='lat'><em>56.</em></span> <span class='ocrx_word' id='word_1_614' title='bbox 1674 2697 1707 2723; x_wconf 89' lang='lat' dir='ltr'><em>Ut</em></span> <span class='ocrx_word' id='word_1_615' title='bbox 1726 2695 1897 2723; x_wconf 81' lang='lat' dir='ltr'><em>Blandunius</em></span> 
     </span>
     <span class='ocr_line' id='line_1_51' title="bbox 258 2738 1897 2775; baseline 0 -11"><span class='ocrx_word' id='word_1_616' title='bbox 258 2739 418 2765; x_wconf 67' lang='lat' dir='ltr'><em>Aldhelmus</em></span> <span class='ocrx_word' id='word_1_617' title='bbox 432 2741 610 2773; x_wconf 55' lang='lat' dir='ltr'><em>omniun-aur</em></span> <span class='ocrx_word' id='word_1_618' title='bbox 623 2751 639 2766; x_wconf 84' lang='grc' dir='ltr'><em>α</em></span> <span class='ocrx_word' id='word_1_619' title='bbox 654 2743 745 2767; x_wconf 75' lang='lat' dir='ltr'><em>multis</em></span> <span class='ocrx_word' id='word_1_620' title='bbox 760 2744 905 2775; x_wconf 72' lang='lat' dir='ltr'><em>primibus,</em></span> <span class='ocrx_word' id='word_1_621' title='bbox 925 2744 986 2769; x_wconf 77' lang='lat' dir='ltr'><em>inde</em></span> <span class='ocrx_word' id='word_1_622' title='bbox 1004 2743 1108 2775; x_wconf 84' lang='lat' dir='ltr'><em>accidit,</em></span> <span class='ocrx_word' id='word_1_623' title='bbox 1128 2742 1199 2775; x_wconf 81' lang='lat' dir='ltr'><em>quod</em></span> <span class='ocrx_word' id='word_1_624' title='bbox 1211 2756 1239 2761; x_wconf 87' lang='lat'>-</span> <span class='ocrx_word' id='word_1_625' title='bbox 1258 2742 1293 2774; x_wconf 72' lang='lat' dir='ltr'><em>cf.</em></span> <span class='ocrx_word' id='word_1_626' title='bbox 1307 2741 1453 2773; x_wconf 75' lang='lat' dir='ltr'><em>Lelandus,</em></span> <span class='ocrx_word' id='word_1_627' title='bbox 1470 2741 1655 2767; x_wconf 76' lang='lat' dir='ltr'><em>Cammcntarii</em></span> <span class='ocrx_word' id='word_1_628' title='bbox 1667 2739 1699 2766; x_wconf 84' lang='lat' dir='ltr'><em>de</em></span> <span class='ocrx_word' id='word_1_629' title='bbox 1713 2738 1897 2773; x_wconf 78' lang='lat' dir='ltr'><em>Scriptoribus</em></span> 
     </span>
     <span class='ocr_line' id='line_1_52' title="bbox 256 2783 1630 2817; baseline 0.001 -10"><span class='ocrx_word' id='word_1_630' title='bbox 256 2783 324 2808; x_wconf 80' lang='lat' dir='ltr'><em>Brit.</em></span> <span class='ocrx_word' id='word_1_631' title='bbox 340 2783 357 2808; x_wconf 89' lang='grc' dir='ltr'><em>Ι</em></span> <span class='ocrx_word' id='word_1_632' title='bbox 374 2786 406 2808; x_wconf 70' lang='lat'><em>:¹8</em></span> <span class='ocrx_word' id='word_1_633' title='bbox 426 2798 456 2801; x_wconf 97' lang='lat'><strong>—</strong></span> <span class='ocrx_word' id='word_1_634' title='bbox 478 2783 695 2809; x_wconf 61' lang='lat' dir='ltr'><em>Mnlmfflburimn</em></span> <span class='ocrx_word' id='word_1_635' title='bbox 716 2786 876 2812; x_wconf 77' lang='lat' dir='ltr'><em>Britannico</em></span> <span class='ocrx_word' id='word_1_636' title='bbox 894 2787 999 2811; x_wconf 81' lang='lat' dir='ltr'><em>nominc</em></span> <span class='ocrx_word' id='word_1_637' title='bbox 1019 2785 1195 2812; x_wconf 75' lang='lat' dir='ltr'><em>Blandunum</em></span> <span class='ocrx_word' id='word_1_638' title='bbox 1215 2785 1294 2817; x_wconf 86' lang='lat' dir='ltr'><em>(Cacr</em></span> <span class='ocrx_word' id='word_1_639' title='bbox 1314 2784 1469 2817; x_wconf 79' lang='lat' dir='ltr'><em>Blanduue)</em></span> <span class='ocrx_word' id='word_1_640' title='bbox 1487 2783 1630 2810; x_wconf 84' lang='lat' dir='ltr'><em>dicebatur.</em></span> 
     </span>
    </p>
   </div>
  </div>
 </body>
</html>
