2183 3077
871 150 916 175 DE
935 150 1187 178 VIRGINITATE.
1793 157 1847 185 31³1

203 241 320 279 quam·
345 236 514 277 baptismi¹¹
540 235 718 266 rudimenta
744 236 930 276 susciperet,
956 235 1052 267 fuisse
1077 239 1282 272 memoratur,
1307 240 1342 267 ut
1362 237 1467 268 statim
1493 238 1533 269 ab
1551 239 1720 270 undecimo
1738 241 1854 271 aetatis

203 299 284 319 anno
316 288 492 318 fanaticae¹'
520 287 754 328 superstitionis
783 288 997 328 contemptrix
1029 291 1061 318 ct
1089 298 1300 329 supernorum
1329 287 1531 320 decretorum
1564 291 1678 321 cultrix
1708 292 1853 323 extitisse

204 339 379 371 narreturd.
419 338 517 369 Cuius
542 342 632 379 pater
655 339 686 368 in
711 337 830 378 palatio
848 339 992 379 magistri
1010 338 1146 369 militum
1171 339 1275 370 officio
1294 339 1438 380 fungens,
1464 350 1533 370 cum
1559 342 1692 372 cademe
1709 343 1853 374 sobolem

203 401 293 422 suam
324 389 510 422 liberalibus
541 390 738 421 sotismatum
768 389 941 430 disciplinis
970 390 1153 429 imbuerots.
1183 394 1301 422 turrem
1331 391 1437 422 eidem
1466 392 1581 422 minaci
1606 394 1799 433 proceritatc
1825 395 1854 424 in

173 453 183 471 ⁵
203 442 290 473 edito
319 447 498 483 porrectam
531 445 562 472 et
587 441 659 473 forti
684 441 798 472 liturae
824 447 1001 482 compageg
1030 445 1243 472 constructam
1268 441 1422 482 erexit¹¹¹‚
1448 443 1478 473 in
1509 453 1572 484 qua
1604 454 1674 474 cum
1700 444 1747 475 bis
1771 446 1854 476 senis

202 493 331 535 puellis,
368 494 457 524 iuxta
488 494 581 523 ritum
611 492 948 533 indegitamcntorumi
978 493 1140 524 timiamak
1172 493 1231 523 (liis
1260 496 1294 524 ut
1323 493 1470 525 adoleret
1500 498 1532 525 et
1563 494 1749 526 holocausta
1778 498 1854 527 turi-

202 545 326 584 ficarct,
352 556 370 576 a
395 550 484 586 patre
509 544 651 575 culturis¹
676 543 881 575 delubrorum
907 543 1015 575 dedito
1040 545 1218 576 inconsulte
1243 548 1426 585 cogeretur:
1458 545 1514 576 sed
1544 556 1614 576 cum
1639 557 1672 577 se
1697 546 1737 577 ab
1762 549 1854 578 unica

202 596 265 627 fllia
290 597 405 627 merito
429 599 572 637 spretum
597 595 807 636 comperisset
835 598 895 625 etn'
921 595 1092 626 deauratas
1117 595 1359 627 simulacrorum
1391 597 1531 637 effigies,
1562 597 1647 628 Iovis
1675 598 1795 629 scilicet
1824 603 1856 629 et

201 648 380 689 Apollinisn
409 647 566 688 simulque
592 647 744 685 Veneris,
774 650 978 687 stuprorum0
1002 647 1177 688 amatricis,
1211 648 1391 678 minutatim
1420 649 1450 678 in
1481 648 1602 679 frusta1¹
1632 650 1855 680 conf1·actas‘1‘³

162 713 185 731 10
204 699 490 733 animadverteret.
527 699 616 729 ilicor
647 697 773 729 diversa
801 701 1032 729 tormentorum
1061 708 1181 739 genera
1211 698 1347 730 candem
1376 699 1473 730 filiam
1502 703 1676 731 noxaturass
1706 704 1855 732 cruentus

203 751 345 782 carnifex
371 754 403 781 et
427 750 622 781 truculentus
639 749 798 791 parricida
814 750 919 790 potius
944 760 1038 791 quam
1064 750 1134 790 pius
1159 754 1250 791 pater
1273 750 1446 782 crudeliter
1462 750 1670 782 machinatur.
1718 752 1855 783 Verum-

203 806 310 833 tamen
342 812 431 833 mens
455 802 525 833 Deo
556 801 664 832 dedita
698 811 755 832 nec
786 800 901 832 olidos‘
932 801 1166 842 ergastulorum
1197 802 1364 843 squalores
1392 802 1569 833 horrescit³
1599 813 1657 834 nec
1688 804 1854 844 scopulum

202 853 284 884 collo
310 858 488 884 conexum¹¹
512 856 544 883 et
567 853 697 883 marinis
720 851 901 894 gurgitibus
925 852 1111 883 immersum
1135 853 1278 894 pavescit
1309 863 1368 884 nec
1397 853 1528 884 sudibus
1552 853 1725 885 crudeliter
1749 858 1855 885 tener-

202 904 282 935 rima
311 904 455 935 membra
487 903 718 935 caedentibus*
749 904 925 936 mollescitv
956 915 1014 935 nee
1044 906 1192 936 venustiw
1223 906 1336 946 capitis
1366 905 1573 943 deformatio,
1605 906 1750 946 quamvis
1773 906 1856 936 flava

158 969 181 988 ιε,
201 956 361 987 caesaries
389 955 556 986 raderetur
586 959 618 986 et
647 966 703 996 per
731 955 892 996 publicum
918 956 1105 987 decalvata*
1131 957 1326 996 traheretur,
1355 959 1474 988 statum
1503 956 1606 987 cordis
1637 957 1767 988 inclinat
1798 967 1855 988 nec

201 1007 322 1039 torrida
352 1007 488 1038 fornacis
519 1007 686 1038 incendia-⁸·
711 1007 877 1039 Chaldaici
906 1009 1086 1049 regnatoris
1113 1008 1296 1039 machinasz
1320 1009 1564 1049 aequiperantia
1597 1008 1768 1049 obstipuit-²
1797 1019 1854 1039 nec

201 1058 395 1090 venenatosb
420 1058 566 1099 aspidum
592 1058 702 1097 rictus,
731 1069 809 1099 quas
834 1059 946 1090 marsic
971 1060 1222 1090 incantationum
1247 1059 1439 1090 carminibus
1464 1059 1664 1099 irritabantd,
1688 1060 1855 1100 pavefacta

205 1109 330 1151 puella⁰
361 1110 572 1151 pertimescit:
607 1110 704 1141 immo
735 1110 815 1140 haec
845 1111 952 1141 omnia
984 1110 1110 1142 Christo
1140 1111 1352 1151 patrocinium
1386 1114 1570 1151 praestante
1598 1111 1704 1141 salvor
1727 1110 1857 1152 pudoris

200 1161 350 1192 thesauro
382 1161 520 1192 feliciter
551 1160 781 1201 supera(vi)tss;
817 1162 1001 1202 postromo⁵
1031 1162 1167 1202 geminis
1195 1161 1409 1202 spicularumh
1437 1161 1620 1193 vulneribus
1651 1163 1792 1193 sauciata
1824 1165 1856 1193 et

158 1224 184 1244 ρο
202 1223 361 1254 purpureo
386 1211 515 1253 perfusa
539 1221 650 1242 cruore
676 1222 733 1252 pro
757 1211 900 1243 Christoi
924 1212 1160 1243 martirizavitk.

309 1264 472 1294 Tertiam⁶
505 1273 580 1294 vero
610 1273 681 1294 cum
712 1262 899 1304 Sapricius¹,
932 1264 1184 1295 orthodoxorum
1215 1267 1364 1295 cruentus
1400 1264 1557 1303 carnifex,
1590 1274 1650 1294 non
1683 1263 1785 1295 solum
1814 1264 1856 1295 ad

124 1324 188 1347 oss
202 1316 338 1356 nuptias,
363 1314 420 1345 sed
444 1314 485 1345 ad
502 1314 657 1346 nefandas
675 1313 680 1356 Ι
698 1325 826 1356 quoque
850 1315 1035 1346 idolorumm
1060 1315 1199 1346 culturas
1223 1318 1256 1346 et
1278 1316 1423 1356 ineptasn
1447 1316 1614 1356 gentilium
1639 1316 1857 1346 caeremonias

204 1376 320 1408 cogere
345 1367 503 1408 nequiret,
528 1366 696 1397 confestim
722 1366 909 1397 furibundus
934 1369 1127 1397 catastarum
1153 1366 1376 1398 crudelitatem
1401 1367 1554 1399 exercuit.
1578 1366 1709 1398 lividasO
1733 1368 1856 1408 palma-

200 1429 269 1449 rum
293 1418 413 1449 vibices
437 1417 592 1456 exhibuit,
617 1421 774 1449 torrentes
791 1417 1015 1459 lampadarum
1032 1418 1177 1449 flammas
1194 1418 1378 1459 applicavit.
1424 1418 1557 1449 Duabus
1574 1429 1702 1459 quoque
1720 1418 1856 1454 feminis,

157 1482 181 1501 25
202 1479 283 1511 quae
315 1479 418 1511 nuper
452 1480 470 1500 a
506 1468 569 1499 fide
605 1469 894 1511 naufragaverantv
929 1473 961 1500 et
996 1479 1014 1500 a
1050 1468 1168 1500 Christi
1203 1470 1362 1500 consortio
1397 1473 1689 1511 apostataverantq,
1718 1470 1854 1501 eandem

305 1619 328 1650 1Ἀ)
348 1624 486 1651 antequam
505 1627 536 1644 cx
553 1619 665 1651 antiquae
686 1619 708 1642 A
779 1617 803 1650 l¹)
823 1619 946 1643 babtismi
965 1618 989 1642 A
1062 1620 1084 1649 c)
1104 1620 1240 1652 phanatice
1260 1618 1292 1651 A,
1312 1621 1454 1652 phanaticae
1470 1620 1500 1651 G,
1520 1620 1651 1652 ,pfanatice
1665 1620 1722 1651 ΒΟ,
1740 1621 1855 1653 pphana-

200 1662 256 1687 tica»
277 1661 331 1687 C²L
419 1661 443 1693 d)
463 1666 582 1688 narretur
600 1662 683 1693 BLO,
703 1666 824 1687 narratur
842 1661 894 1686 AG
983 1662 1004 1693 ⁸)
1025 1663 1087 1687 eade
1107 1663 1131 1687 B
1219 1661 1238 1693 f)
1258 1663 1364 1688 imberet
1385 1663 1409 1687 B
1495 1662 1520 1693 Β)
1540 1663 1604 1687 sorte
1624 1676 1656 1680 -—
1676 1664 1784 1695 eonpagi
1805 1663 1855 1688 Aa

200 1704 239 1728 ed.
255 1712 300 1736 pr.
405 1704 430 1736 h)
453 1705 488 1729 sic
508 1704 621 1735 ABGL,
649 1708 823 1730 constructam
842 1705 924 1730 eidem
943 1706 1024 1730 erexit
1043 1705 1114 1730 Giles
1220 1704 1236 1736 i)
1262 1705 1374 1737 indegita
1393 1710 1537 1730 mentorum
1559 1705 1592 1736 O,
1619 1706 1693 1731 iuxta
1718 1707 1795 1731 ritum
1819 1707 1856 1731 in-

200 1747 352 1778 digenarum
371 1748 448 1772 mutis
467 1748 514 1781 diis
533 1751 562 1772 ut
579 1748 691 1773 adoleret
710 1748 803 1779 ecl-pr.
909 1746 934 1779 k)
958 1748 1065 1773 timiada
1083 1756 1198 1780 miqtrasc.
1218 1757 1242 1772 m
1257 1757 1371 1780 parvum
1390 1747 1427 1777 A,
1455 1749 1569 1773 timiama
1589 1749 1644 1780 GL,
1672 1749 1806 1774 thimiama
1827 1752 1856 1780 (Ι,

200 1790 326 1822 tymiama
350 1789 386 1820 B,
414 1784 538 1822 thymiam
561 1799 576 1814 a
598 1790 646 1814 diis
669 1795 698 1815 ut
720 1790 832 1815 adoleret
853 1791 923 1815 Giles
1022 1789 1039 1822 1)
1065 1791 1171 1816 cultoris
1190 1791 1240 1815 AG
1340 1791 1371 1822 ¹¹¹)
1397 1795 1516 1823 spaeram
1539 1792 1694 1824 conperisset
1719 1792 1855 1817 deauratas

200 1831 269 1863 (post
285 1841 358 1865 conp.
380 1833 416 1856 711²
435 1833 508 1865 infra
529 1833 624 1857 lineam
644 1833 677 1864 ἃ)
697 1833 729 1862 Α,
749 1833 906 1865 conperisset
921 1849 926 1854 ·
940 1837 964 1857 et
984 1833 1006 1856 L
1077 1833 1100 1864 ¹¹)
1120 1833 1246 1866 apollonis
1265 1833 1315 1857 AG
1389 1833 1412 1864 ⁰)
1432 1837 1565 1866 stuporum
1584 1834 1712 1866 (suprasc.
1732 1843 1744 1859 r
1762 1834 1811 1865 ⁷12¹)
1832 1834 1855 1858 A

200 1874 224 1905 Ρ)
245 1876 270 1899 in
290 1877 385 1900 frustra
407 1877 428 1897 G
509 1875 533 1906 q)
552 1877 685 1900 confracta
704 1876 753 1901 AG
833 1876 853 1906 r)
875 1876 933 1901 ilico
952 1876 1054 1901 diuersa
1074 1876 1157 1907 AGL,
1183 1877 1242 1901 ilico
1261 1884 1305 1909 per
1323 1876 1427 1901 diuersa
1450 1876 1477 1905 O,
1497 1877 1561 1901 inter
1579 1877 1637 1902 ilico
1656 1882 1678 1902 et
1696 1878 1798 1902 diuersa
1816 1878 1854 1902 in-

199 1919 278 1943 seruit
296 1927 311 1949 p
331 1918 355 1942 B
443 1918 463 1949 S)
484 1922 611 1943 nexatura
631 1919 681 1943 AG
700 1919 803 1951 ed.pr.,
823 1923 950 1944 uexatura
969 1919 1009 1949 C2,
1031 1924 1172 1944 uexaturus
1191 1919 1274 1950 BLO,
1292 1919 1395 1944 diuersa
1414 1924 1597 1944 tormentorum
1616 1928 1710 1952 genera
1730 1939 1735 1944 .
1750 1939 1755 1945 .
1775 1920 1855 1945 filiam

199 1965 342 1986 uexaturus
364 1961 433 1986 Giles
529 1961 548 1991 ²)
577 1970 608 1986 nc
627 1962 708 1986 olidos
727 1962 856 1993 (suprasc.
876 1970 890 1986 c
908 1961 957 1994 ⁷71²)
977 1962 1002 1986 B
1098 1962 1123 1993 u)
1148 1970 1276 1987 conexum
1295 1961 1354 1993 AG,
1373 1965 1441 1986 nexu
1460 1971 1479 1986 s.
1494 1963 1510 1987 l.
1530 1971 1559 1987 co
1579 1962 1603 1986 B
1699 1962 1721 1993 v)
1742 1963 1856 1988 molescit

199 2004 220 2035 (1
240 2004 301 2029 add.
321 2004 369 2036 ⁷11²)
390 2004 415 2028 B
504 2004 534 2034 w)
554 2005 662 2029 uelsusti
681 2005 719 2036 (ἰπ
738 2013 792 2029 ras.
811 2005 862 2036 fuit
879 2005 899 2036 l)
920 2006 943 2027 G
1031 2006 1056 2035 x)
1075 2005 1105 2030 (le
1126 2005 1230 2030 caluata
1250 2005 1272 2029 L
1360 2005 1384 2035 y)
1404 2005 1519 2030 inteudia
1538 2005 1562 2029 ]›'
1652 2005 1673 2035 z)
1694 2006 1811 2030 machina
1831 2006 1855 2030 B

199 2047 222 2078 8¹)
251 2047 377 2079 obstipuit
394 2046 523 2078 (suprasc.
543 2055 560 2071 u
580 2056 649 2072 man.
664 2048 726 2077 rec.)
749 2048 782 2077 G,
811 2048 945 2080 obstupuit
963 2048 1000 2072 ecl.
1016 2057 1074 2080 pr.,
1102 2048 1225 2080 obstipuit
1248 2052 1300 2073 cett.
1407 2046 1430 2078 b)
1460 2052 1612 2072 v·uenatos
1635 2047 1673 2079 A,
1702 2053 1807 2074 uenatos
1833 2050 1855 2074 G

199 2090 222 2121 c)
244 2091 310 2115 musi
328 2089 456 2122 (suprasC.
474 2097 490 2114 a
509 2089 558 2119 ⁷71²)
578 2090 601 2113 A
689 2089 713 2121 d)
733 2090 880 2115 inridabant
898 2091 931 2121 A,
952 2091 1094 2115 irridabant
1113 2089 1141 2122 (d
1160 2091 1186 2115 in
1205 2095 1215 2115 t
1232 2099 1301 2114 man.
1315 2090 1377 2121 rec.)
1395 2090 1431 2121 G,
1455 2090 1598 2116 inritabuut
1618 2090 1639 2115 L
1728 2095 1749 2121 e)
1769 2092 1855 2124 puella

204 2133 262 2163 AG,
286 2133 400 2164 puellula
419 2136 473 2157 cett.
494 2132 564 2157 Giles
660 2132 678 2164 ί)
697 2133 769 2157 salua
791 2133 812 2158 0
908 2133 932 2163 8)
952 2134 1084 2166 superauit
1104 2134 1182 2164 Giles,
1206 2137 1312 2166 superat
1330 2132 1458 2157 ABGLO
1554 2132 1578 2165 ¹¹)
1598 2134 1711 2166 spieular
1729 2134 1779 2158 Aa
1799 2134 1855 2165 (um

199 2176 262 2201 add.
282 2185 351 2201 man.
364 2174 429 2207 rec.)
526 2175 544 2206 i)
565 2183 608 2208 per
626 2175 657 2208 (p
676 2175 714 2206 A)
733 2178 784 2208 xpo
807 2177 829 2201 G
920 2175 945 2207 k)
965 2177 1129 2208 martyrizata
1148 2181 1187 2201 est
1205 2176 1230 2200 B
1325 2175 1342 2206 ¹)
1363 2176 1492 2208 sapricius
1511 2176 1596 2204 code-10·
1615 2177 1733 2209 Apricius
1751 2176 1856 2209 [Beda]

200 2217 269 2249 Ado,
294 2218 431 2243 Usuardus
513 2219 544 2249 ¹¹¹)
564 2218 691 2243 iduloruin
705 2217 731 2242 A
748 2217 777 2249 (u
795 2219 824 2243 in
842 2227 856 2243 o
875 2227 944 2244 man.
958 2220 1020 2250 rec.)
1041 2220 1062 2243 G
1145 2218 1169 2247 ¹¹)
1190 2220 1292 2251 ineptus
1310 2218 1339 2249 (u
1359 2219 1385 2243 in
1403 2220 1429 2249 a)
1451 2220 1472 2241 G
1561 2219 1585 2249 0)
1605 2219 1698 2244 libidus
1711 2219 1744 2251 A,
1763 2220 1855 2246 libidas

199 2260 225 2293 (a
244 2262 270 2286 in
283 2260 347 2290 rae.)
368 2261 390 2285 G
479 2261 502 2292 Ρ)
522 2261 744 2293 nausragauerunt
763 2260 841 2286 ABG
928 2261 952 2292 (ι)
971 2266 1136 2294 apostatauer
1154 2260 1281 2293 (supr-asc.
1300 2267 1343 2286 aut
1364 2261 1411 2293 711³)
1432 2262 1455 2286 l}

198 2402 280 2428 tanta
303 2401 503 2428 coruscationis
528 2403 556 2428 et
580 2401 696 2428 tonitrui
717 2401 804 2428 virtus
830 2404 966 2435 tantaque
989 2401 1136 2428 inundatio
1160 2402 1275 2436 pluviae
1295 2401 1399 2435 erupit,
1424 2403 1454 2427 ut
1474 2409 1563 2434 neque
1584 2402 1749 2428 venerabilis
1770 2402 1854 2428 Bene-

198 2452 291 2479 dictus
315 2461 405 2486 neque
429 2452 542 2484 fratres,
568 2453 616 2486 qui
640 2462 701 2479 cum
725 2461 757 2480 eo
784 2453 914 2485 aderant,
941 2455 1019 2480 extra
1043 2453 1097 2480 loci
1122 2453 1220 2485 limen,
1240 2461 1294 2486 quo
1315 2452 1509 2483 consederant,
1529 2452 1628 2486 pedem
1648 2461 1756 2480 morere
1775 2456 1854 2487 potu-

200 2505 294 2532 issent.
324 2505 554 2532 Sanctimonialis
572 2506 677 2540 quippe
696 2506 800 2533 femina
819 2508 906 2540 caput
925 2506 953 2532 in
972 2506 1101 2532 manibus
1121 2504 1262 2532 declinans
1276 2504 1451 2530 lacrimarum
1471 2503 1568 2530 fluvios
1587 2503 1615 2530 iu
1633 2513 1758 2530 mensam
1778 2505 1853 2531 fude-

199 2558 257 2589 rat,
282 2565 332 2590 per
355 2564 423 2589 quas
442 2556 621 2584 serenitatem
641 2557 712 2584 aeris
731 2557 766 2584 ad
786 2556 913 2591 pluviam
932 2557 1020 2584 traxit
1038 2565 1058 2582 e.
1072 2565 1095 2589 q.
1109 2564 1129 2583 s.
1236 2557 1261 2588 1)
1291 2554 1387 2581 Gilda<
1405 2554 1436 2581 dc
1454 2554 1540 2581 aridio
1558 2557 1582 2580 et
1601 2563 1696 2587 conqn.
1716 2555 1786 2582 Brit.
1806 2563 1826 2581 c.
1839 2559 1854 2581 3

196 2616 226 2641 p.
242 2610 276 2633 28
295 2607 429 2638 sslomms„
455 2608 642 2641 Azcct.Antiq.
659 2608 723 2634 XI:
749 2608 867 2635 turrium
887 2628 946 2639 ...‚
970 2617 1086 2642 quarum
1110 2607 1232 2634 culmina
1257 2606 1359 2632 minaci
1383 2606 1551 2640 proceritate
1575 2608 1703 2640 porrecta
1727 2607 1754 2633 in
1779 2607 1853 2634 edito

200 2658 265 2686 forti
285 2666 418 2692 compage
438 2659 634 2693 pangebantur
651 2659 696 2692 (F.
712 2659 872 2693 Jenkinson)
974 2660 1000 2691 2)
1022 2659 1118 2685 Passio
1139 2658 1291 2685 Christiane
1309 2658 1354 2689 (A.
1371 2657 1398 2684 δ’,
1414 2657 1481 2683 Iulii
1504 2657 1528 2682 V
1540 2658 1649 2691 524311.)
1668 2660 1683 2689 ἓ
1695 2661 1709 2684 6
1734 2658 1853 2692 Vespere

202 2712 297 2736 autem
317 2710 400 2741 facto,
421 2710 515 2744 (quae)
536 2711 647 2745 aceepit
673 2711 746 2738 idola
770 2711 858 2745 patris
884 2711 925 2737 sui
946 2711 1018 2736 lovis
1044 2712 1072 2737 et
1091 2709 1233 2743 Apollinis
1252 2711 1281 2735 et
1301 2708 1427 2737 Veneris.
1453 2708 1591 2743 confregit
1680 2711 1706 2741 3)
1731 2709 1792 2736 ibid.
1813 2711 1856 2741 §7

199 2762 226 2794 4)
247 2761 310 2788 ibid.
331 2763 386 2794 §11
490 2763 516 2793 5)
537 2762 596 2788 ibid.
611 2764 624 2794 ,φ’
638 2766 668 2788 13
773 2762 798 2794 6)
819 2763 914 2789 Passio
933 2762 1099 2789 Dorotheae:
1119 2763 1153 2788 A.
1167 2762 1193 2788 δ’.
1208 2761 1286 2787 Febr.
1301 2761 1319 2786 I
1336 2764 1378 2787 771
