2058 3062
255 173 346 199 XVIII
765 163 812 189 DE
832 162 919 188 VITA
938 159 1126 187 ALDHELMI
1145 159 1190 185 ET
1210 155 1378 184 SCRIPTIS.

254 258 518 299 negotiorumque
542 256 740 284 terrenorum
762 247 959 290 ponderibus
988 255 1191 288 oppressum,
1223 244 1278 275 hoc
1304 252 1367 274 non
1395 241 1499 272 muzus
1528 240 1571 271 ad
1600 239 1781 270 abbatatum
1808 249 1900 279 quam

255 310 298 340 ad
319 309 527 348 episcopatum
545 306 623 344 puto
646 301 815 333 convenire.

357 359 527 390 Deeernere
554 357 655 386 autem
689 362 752 383 rem
782 350 904 381 videtur
932 348 1062 388 epistola
1091 348 1134 378 ad
1163 346 1325 378 Acircium
1350 355 1386 384 p.
1408 345 1457 381 76,
1478 346 1509 381 5,
1540 342 1596 374 ubi
1626 342 1793 382 profitetur
1820 341 1901 373 Ald-

255 412 372 443 holmus
399 420 432 441 se
462 409 657 449 enigmatum
687 403 922 445 propositiones
949 409 1142 441 componere
1172 399 1282 429 nixum
1310 406 1381 428 esse
1404 395 1493 426 velut
1522 395 1555 425 in
1579 393 1719 435 quodam
1743 393 1900 435 gimnasio

256 464 374 504 prima
401 459 552 502 ingenioli
582 456 762 488 rudimenta
788 451 963 485 exercitari
992 451 1190 492 cupientem,
1222 452 1258 480 ut
1285 449 1394 479 venire
1422 449 1533 488 posset
1562 446 1603 477 ad
1632 445 1902 487 praestantiorem

257 514 363 555 operis
386 511 566 543 materiem:
590 508 639 538 hic
662 507 840 544 aenifpnata
858 504 998 542 primum
1022 502 1125 541 ipsius
1148 510 1211 532 esse
1233 509 1360 531 carmen
1382 499 1458 529 dicit
1481 500 1509 529 et
1532 497 1677 528 metricas
1699 496 1905 536 expositiones

260 584 298 587 —
317 565 373 595 hac
396 565 468 593 sunt
486 559 700 603 praestantior
722 556 827 598 operis
851 554 1001 586 materies
1023 571 1060 576 —-
1083 553 1166 584 brevi
1181 553 1255 591 post
1277 550 1356 582 illud
1378 560 1410 581 se
1432 549 1609 591 scripsisse;
1632 558 1667 579 ea
1690 550 1802 585 autem,
1825 557 1907 587 quae

258 617 293 647 de
309 615 431 647 numeri
452 611 622 652 septenarii
645 610 675 641 vi
696 618 732 640 ac
752 609 862 638 virtute
884 605 1020 642 disserit,
1041 615 1072 643 p.
1091 605 1140 641 75,
1159 604 1199 634 16
1221 601 1512 644 praefatiunculam
1528 601 1742 640 aenigmatum
1757 598 1904 638 appellat.

259 668 313 699 Sic
335 667 417 697 hune
440 665 562 701 librum,
586 663 620 693 in
643 671 701 701 quo
723 660 802 691 satis
824 658 912 689 vario
934 657 970 688 de
992 657 1173 696 arqumento
1195 655 1312 694 agitur,
1343 653 1386 684 ad
1407 663 1509 684 urium
1531 662 1643 691 corpus
1666 651 1792 692 colligit,
1816 652 1907 683 euius

253 721 362 759 partes
390 716 532 756 sinyulae
563 715 631 745 lieet
658 723 721 744 non
747 721 809 742 uno
837 709 1000 748 eodemque
1029 710 1161 745 tempore
1192 706 1257 736 sint
1285 705 1434 743 scriptae,
1466 707 1568 735 tamen
1599 712 1662 734 non
1693 703 1748 734 diu
1770 703 1853 734 inter
1875 712 1907 734 se

260 771 377 801 distant
407 771 435 799 et
463 777 525 797 uno
553 765 681 796 consilio
704 763 911 793 eontinentur.
957 759 1006 791 De
1028 768 1121 789 versu
1143 766 1212 788 vero
1236 756 1272 787 de
1294 756 1477 795 viryinitate
1501 755 1572 793 530,
1602 755 1658 795 qui
1677 754 1745 794 fere
1767 754 1848 785 idem
1872 755 1907 786 in

261 820 393 861 epistula
411 819 453 850 ad
468 817 629 849 Acircium
645 826 678 854 p.
690 815 740 851 93,
752 815 794 844 24
813 812 934 852 legitur,
958 810 1132 850 ceterisque,
1157 818 1232 848 quos
1251 806 1385 848 epistula
1404 809 1431 837 et
1450 816 1574 837 carmen
1593 815 1766 837 communes
1783 805 1907 844 liabent,

260 871 407 912 quomodo
434 869 575 905 iudicem,
604 868 639 898 ‘in
663 865 885 905 proleqomenis
911 862 955 894 ad
981 861 1147 902 epistulam
1178 860 1264 897 dixe
1293 858 1335 889 ad
1362 860 1482 897 tempus
1505 857 1574 888 eius
1596 857 1806 896 definiendum
1828 857 1910 888 nihil

260 923 347 954 valet.
393 919 544 960 Epistula
570 921 672 949 autem
703 927 763 956 quo
789 918 921 954 tempore
947 914 1030 945 edita
1061 913 1116 950 sit,
1146 911 1266 942 indicia
1289 912 1318 941 et
1340 909 1471 949 vestiyia
1493 911 1568 940 sunt
1591 908 1669 939 levia
1692 908 1749 940 illa
1772 909 1909 948 quidem,

261 974 313 1005 sed
344 976 445 1004 tomen
472 981 533 1003 non
556 970 654 1001 nulla.
706 968 746 1001 Ut
774 977 874 1006 supra
901 966 1000 997 locum
1023 964 1178 1004 quendam
1198 962 1297 1002 primi
1320 960 1466 1002 capituli,
1498 970 1558 1000 quo
1581 960 1618 991 de
1639 963 1752 991 mutua
1774 961 1857 992 inter
1879 970 1911 992 se

261 1025 482 1063 Acirciumque
505 1021 687 1054 Aldhelmus
715 1020 797 1050 dixit
825 1018 978 1055 amicitia,
1010 1016 1210 1056 aliquatenus
1231 1014 1398 1045 convenire
1422 1011 1542 1044 ostendi
1569 1021 1638 1043 cum
1662 1021 1748 1043 anno
1771 1012 1833 1043 685
1856 1012 1909 1054 (⁰f·

260 1088 291 1116 p.
315 1076 363 1107 VI
372 1076 442 1114 sq),
474 1075 519 1105 ita
547 1074 582 1104 in
604 1071 808 1112 praefatione
831 1079 944 1109 prosae
976 1069 1012 1099 de
1041 1067 1220 1107 viryinitate
1248 1064 1352 1097 simile
1379 1064 1555 1095 invenimus
1577 1064 1805 1102 testimonium;
1835 1073 1912 1095 nam

263 1129 329 1159 illic
350 1128 432 1158 iuter
454 1123 706 1156 sanctimoniales
728 1122 952 1161 Bercinyenses
973 1119 1134 1151 nominari
1155 1118 1295 1148 videmus
1321 1116 1538 1155 Cuthburqam
1560 1115 1722 1155 quandam
1750 1115 1911 1147 contribu-

264 1180 346 1211 libus
362 1177 524 1209 Aldhelmo
547 1174 817 1207 necessitudinum
840 1173 975 1204 nexibus
1000 1171 1260 1213 conglutinatam.
1299 1169 1380 1200 Fuit
1402 1167 1478 1198 haec
1501 1166 1557 1208 (cf.
1576 1167 1619 1198 ad
1640 1167 1669 1198 k.
1688 1166 1724 1206 l.)
1746 1166 1816 1206 filia
1832 1167 1913 1198 Inue

265 1232 354 1270 reyis,
377 1229 431 1270 qui
453 1227 611 1259 Aldhelmi
632 1227 696 1265 fuit
719 1225 976 1263 consanguineus,
1000 1222 1200 1262 aliquamdiu
1215 1221 1354 1263 Alfredi,
1378 1220 1460 1259 reyis
1483 1218 1825 1256 Northanumbrorum,
1849 1219 1870 1249 i.
1887 1229 1913 1250 e.

266 1283 347 1318 eius,
376 1280 420 1311 ad
447 1289 535 1319 quem
564 1279 699 1318 epistula
726 1277 803 1308 data
832 1278 889 1317 est,
919 1275 1079 1315 uxor-(ef.
1098 1284 1131 1315 p.
1150 1273 1247 1311 VII),
1277 1283 1356 1312 quae
1385 1274 1486 1302 tamen
1516 1273 1588 1310 post
1617 1270 1703 1301 breve
1735 1270 1913 1310 coniugium

267 1331 517 1364 sanctimonialis
531 1331 618 1369 faeta
633 1332 677 1360 est
692 1327 921 1368 Bereinyensis,
937 1326 1048 1358 deinde
1063 1326 1221 1356 abbatissa
1238 1323 1507 1357 WimburnensiS.
1542 1321 1719 1363 Aldfredus
1734 1331 1790 1352 rex
1809 1322 1916 1359 faetus

268 1388 312 1416 est
336 1385 396 1415 685
420 1383 477 1424 (ef.
494 1382 585 1413 Beda
607 1382 636 1412 h.
654 1392 676 1411 e.
694 1380 751 1412 IV
767 1381 836 1420 19).·
860 1382 926 1410 tum
945 1378 1126 1417 Cutlzburqa
1144 1377 1212 1408 eius
1230 1377 1297 1414 fluit
1315 1385 1411 1414 uzon·
1434 1385 1504 1406 cum
1524 1384 1655 1414 prosam
1679 1374 1716 1405 de
1734 1373 1914 1413 virginitate

268 1437 391 1475 scripsit
407 1435 598 1470 Aldhelmus,
617 1433 792 1472 Bercz'nyae
808 1431 874 1462 Deo
893 1430 1058 1467 serviebat;
1082 1430 1188 1468 itaque
1204 1439 1236 1459 eo
1252 1427 1452 1465 adducimur,
1477 1429 1513 1458 ut
1525 1436 1656 1467 prosam
1673 1435 1756 1456 anno
1771 1425 1837 1464 fere
1854 1426 1917 1455 686

270 1488 418 1526 scriptam
443 1496 505 1517 esse
521 1487 637 1525 putare
652 1484 820 1523 possimus.

373 1538 561 1577 Aerziynzuta
583 1536 681 1576 igitur
698 1535 805 1575 prima
827 1537 914 1571 sunt,
943 1543 1022 1573 quae
1046 1532 1230 1564 Aldhelmus
1252 1542 1278 1563 c.
1294 1542 1324 1562 a.
1343 1531 1404 1562 685
1428 1530 1601 1571 composuit
1622 1529 1776 1566 earmina,
1806 1527 1917 1560 deinde

270 1590 396 1629 scripsit
418 1600 496 1629 quae
515 1589 657 1627 mvsaice
680 1597 750 1618 cum
772 1587 816 1617 eis
838 1585 1009 1622 coniunoeit,
1034 1588 1100 1616 tum
1117 1593 1248 1624 prosam
1272 1583 1416 1623 brevique
1434 1584 1507 1622 post
1530 1591 1654 1613 carmen
1673 1581 1709 1612 de
1727 1580 1917 1621 viryinitate,

271 1642 353 1681 quod
384 1642 416 1671 in
446 1640 503 1671 illa
534 1641 595 1670 iam
624 1639 812 1678 promiserat
841 1648 864 1669 c.
886 1636 950 1668 LX
975 1637 1124 1676 cuiusque
1155 1636 1328 1666 sententias
1359 1636 1514 1666 extremas
1547 1634 1708 1674 (orantem
1737 1643 1794 1674 pro
1825 1631 1919 1663 vobis

271 1693 502 1724 beatitudinem
526 1694 633 1722 vestra
656 1691 740 1721 alma
763 1690 896 1730 trinitas,
918 1699 981 1720 una
998 1688 1127 1720 deitatis
1143 1688 1323 1719 substantia
1340 1690 1373 1718 et
1388 1686 1471 1717 trina
1487 1695 1696 1727 personarum
1712 1683 1918 1716 subsistentia

272 1745 369 1775 totius
392 1743 499 1774 mundi
523 1742 739 1773 monarchiam
762 1741 943 1783 gubernans
968 1751 1010 1772 ex
1026 1741 1090 1771 alto
1115 1739 1195 1771 caeli
1212 1739 1351 1770 eulmine
1368 1738 1487 1779 iugiter
1509 1737 1593 1768 tueri
1612 1736 1773 1778 dignetur)
1796 1736 1832 1766 in
1850 1745 1918 1766 car-

272 1796 368 1826 minis
385 1795 539 1835 prooemio
563 1794 789 1835 (Omnipotens
812 1793 937 1834 genitor
959 1792 1113 1823 mundum
1138 1791 1262 1822 dicione
1287 1791 1470 1832 gubernans
1491 1809 1531 1812 —
1549 1807 1597 1820 —.
1644 1787 1702 1819 Est
1724 1797 1862 1828 namque
1886 1787 1918 1817 in

273 1847 394 1878 deitate
417 1856 549 1877 manens
573 1845 749 1877 substantia
771 1844 923 1886 simplex,
953 1844 984 1875 in
1016 1843 1135 1875 deitate
1159 1845 1269 1874 manet·
1292 1852 1421 1884 quoque
1446 1840 1653 1872 subsistentia
1676 1839 1810 1881 triplex)
1832 1848 1919 1878 repe-

273 1899 350 1928 tivit.
389 1897 515 1928 Necnon
539 1897 633 1935 finem
652 1897 804 1935 epistulae
820 1907 854 1935 p.
867 1897 940 1934 202,
954 1897 973 1925 5
997 1905 1064 1925 cuin
1086 1896 1148 1933 fine
1166 1904 1281 1936 prosae
1298 1904 1336 1933 p.
1350 1893 1456 1931 32o,3
1478 1891 1661 1923 concordare
1676 1891 1711 1922 in
1727 1888 1922 1930 Festschrift

273 1950 329 1987 fur
347 1949 388 1980 Α.
406 1959 430 1979 v.
450 1948 606 1987 Bambersy
626 1958 656 1988 p.
673 1950 693 1977 3
715 1947 940 1985 demonstravi,·
964 1947 1018 1977 sed
1038 1946 1112 1977 liaeo
1134 1948 1169 1976 ut
1190 1945 1276 1976 haud
1300 1945 1390 1984 lonyo
1413 1947 1548 1983 tempore
1571 1943 1746 1974 disiunctos
1768 1951 1832 1973 esse
1850 1941 1923 1973 illos

274 2000 351 2031 locos
374 2001 491 2038 docent,
516 2000 562 2030 ita
584 2001 652 2029 uter
669 1999 762 2037 prior
784 1999 969 2037 compositus
991 1998 1040 2035 sit,
1063 2007 1126 2028 non
1147 1999 1246 2036 potest
1269 1996 1455 2027 diiudicari.

378 2052 449 2083 Iam
472 2061 540 2081 vero
563 2061 630 2081 cum
654 2050 766 2081 studiis
785 2049 1074 2086 Cantuarz'ensibus,
1097 2059 1175 2088 quae
1198 2049 1310 2080 iterum
1333 2047 1441 2079 Cantii
1464 2056 1661 2078 commorans
1683 2045 1812 2076 coluisse
1834 2053 1865 2075 se
1887 2044 1924 2074 in

276 2102 408 2143 epistula
437 2103 479 2133 ad
508 2102 706 2132 Leutherium
731 2102 899 2142 profitetur
927 2100 1123 2138 Aldhelmus,
1153 2100 1330 2131 arctissime
1358 2099 1498 2130 cohaeret
1528 2099 1682 2129 tractatus
1710 2096 1858 2128 metricus
1885 2097 1923 2133 et,

277 2153 359 2192 quod
381 2155 445 2183 tum
468 2153 599 2189 vviderat,
629 2153 781 2184 rariorem
812 2153 978 2184 doctorum
1002 2152 1268 2184 numerositatem
1291 2151 1427 2182 inveniri
1450 2150 1472 2181 i.
1489 2160 1513 2181 e.
1531 2159 1653 2189 paucos
1676 2148 1789 2179 talium
1811 2157 1923 2184 rerum,

278 2214 356 2243 quas
379 2203 523 2234 didicisse
545 2214 623 2241 eam,
647 2205 700 2243 qui
715 2204 848 2235 Latinos
870 2213 977 2234 versus
1000 2213 1178 2242 componere
1200 2203 1297 2239 vellet,
1321 2201 1489 2240 oportebat,
1512 2210 1576 2231 esse
1598 2200 1771 2240 mayistros,
1795 2208 1925 2230 causam

280 2255 379 2292 fuisse
402 2255 500 2291 eredo,
530 2265 592 2293 qua
615 2255 657 2285 ad
679 2266 745 2285 eam
767 2255 962 2286 scribendam
986 2254 1142 2285 addzwtus
1164 2256 1225 2285 est:
1253 2263 1328 2284 nam
1352 2252 1386 2284 id
1407 2255 1480 2283 ante
1503 2252 1610 2283 omnia
1632 2251 1727 2291 eyisse
1749 2260 1818 2281 eum
1833 2251 1924 2289 puto,

280 2308 315 2336 ut
344 2306 377 2335 in
408 2306 475 2343 ipsa
498 2305 675 2337 Britannia
704 2307 750 2337 ita
778 2306 978 2337 erudirentur
1005 2308 1033 2336 et
1063 2305 1273 2337 excolerentur
1295 2303 1460 2345 discipuli,
1489 2306 1526 2334 ut
1548 2313 1598 2340 ea,
1627 2302 1742 2342 quibus
1763 2301 1925 2333 doctrinae

281 2356 433 2395 elevantia
463 2358 655 2395 conderetur,
688 2360 834 2389 tenerent.
880 2357 1025 2389 Centena
1055 2359 1228 2388 metrorum
1261 2365 1382 2398 genera
1412 2355 1450 2386 ‘in
1481 2354 1615 2396 epistula
1648 2353 1691 2385 ad
1723 2353 1925 2385 Leutlzerium

282 2411 511 2438 emumemorat:
537 2409 612 2439 (licit
639 2410 676 2439 cle
703 2410 746 2439 ais
771 2410 805 2440 in
836 2410 972 2450 epistula
998 2408 1040 2439 ad
1063 2408 1225 2439 Acir-cium
1250 2418 1285 2446 p.
1302 2409 1352 2444 77,
1367 2408 1418 2445 21,
1448 2407 1497 2444 78,
1515 2407 1543 2444 6,
1566 2405 1638 2443 150,
1653 2407 1690 2443 4;
1719 2404 1760 2437 de
1784 2405 1924 2444 (litteris)

283 2460 365 2490 tonis
387 2459 520 2493 (sillabis
544 2459 700 2499 Wiltelm.)
730 2460 865 2501 pedibus
894 2460 985 2491 verba
1007 2460 1087 2498 facit
1110 2459 1153 2490 ad
1174 2459 1397 2490 Leutherium:
1425 2457 1552 2489 disserit
1574 2457 1610 2488 de
1633 2457 1677 2487 eis
1699 2456 1742 2487 ad
1763 2457 1926 2488 Acircium

280 2521 312 2548 P-
327 2513 376 2546 77,
392 2511 514 2549 198‘111„
534 2513 602 2549 150,
617 2513 634 2540 1
646 2521 724 2550 sqq.;
747 2512 782 2541 (ie
798 2512 961 2553 pathetica
977 2515 1129 2553 septenae
1147 2510 1310 2542 divisionis
1327 2509 1496 2550 disciplina
1512 2508 1651 2548 loquitur
1666 2508 1709 2539 ad
1722 2507 1927 2539 Leutlzerium

279 2571 313 2601 p.
328 2563 399 2597 477,
417 2564 451 2591 o':
474 2562 612 2601 disputat
635 2563 670 2592 cle
693 2563 804 2593 eisdem
830 2581 868 2586 ——·
891 2563 944 2593 sed
966 2573 1024 2594 sex
1048 2565 1171 2593 tantum
1193 2564 1341 2593 numerat
1367 2580 1405 2583 —
1429 2561 1472 2591 ad
1494 2561 1658 2591 Acircium
1676 2570 1710 2600 p.
1727 2561 1777 2597 94,
1795 2559 1837 2590 13
1846 2569 1929 2598 sqq.‚·

285 2622 432 2642 versuum
457 2623 728 2644 monoscemorum
746 2616 799 2644 ele.
815 2614 857 2645 ad
872 2614 1072 2645 Leutherium
1089 2614 1271 2644 mentionem
1289 2613 1387 2651 facit:
1409 2613 1514 2650 fusius
1529 2611 1565 2642 de
1581 2611 1693 2642 eisdem
1709 2611 1753 2642 ad
1767 2611 1929 2642 Acircium

281 2674 315 2702 p.
334 2665 373 2692 7⁸
385 2674 457 2701 sqq„
487 2666 599 2702 tifisqq.
623 2676 701 2703 quae
723 2665 853 2695 ‹lii-‹mda
876 2668 960 2703 sunt,
990 2665 1101 2703 affert;
1130 2666 1201 2695 item
1231 2675 1310 2704 quae
1333 2664 1376 2695 ad
1399 2663 1600 2694 Leutherium
1623 2663 1659 2694 de
1681 2663 1821 2694 versibus
1842 2663 1930 2692 cata-

287 2714 399 2743 lecticis
427 2717 455 2743 rt
480 2715 740 2754 yper-mztulerticis
763 2717 880 2754 posuit,
912 2717 944 2746 in
973 2716 1105 2755 epistula
1132 2716 1175 2746 ad
1200 2715 1368 2746 Aeo-cium
1394 2725 1427 2754 p.
1444 2715 1485 2744 92
1516 2715 1660 2755 explieat.
1706 2713 1796 2746 Haec
1824 2714 1929 2744 autem

286 2765 404 2802 studia,
435 2775 564 2803 quorum
594 2766 807 2797 adiumvneum
837 2769 1003 2797 tractatum
1033 2768 1193 2798 metricum
1216 2776 1278 2798 csse
1305 2766 1418 2804 voluit,
1448 2766 1567 2797 nemini
1589 2766 1697 2806 aptius
1719 2763 1930 2796 commendare
