2183 3077
166 636 189 654 10

167 849 188 867 15

165 1276 190 1295 2²5

163 1490 188 1509 ³⁰

166 1705 190 1723 35

159 1921 185 1938 40

699 158 858 184 EPI'l'OME
877 157 1095 184 'l'RAC'rATVS
1116 157 1378 183 ALDHELMIANI.
1800 163 1860 192 207

210 244 406 280 quadringenti
420 244 573 278 nonaginta
588 244 770 270 calculantur.
803 243 938 270 Undecies
951 252 1060 276 quoque
1075 243 1232 276 septenaria
1247 251 1371 276 propago
1385 243 1420 269 ab
1435 245 1495 269 ortu
1511 244 1604 270 mundi
1625 254 1710 278 usque
1728 245 1783 270 ad‘*
1803 254 1862 273 cae-

210 287 287 314 lestis
313 287 452 321 puerperii
472 286 610 313 cunabula
637 286 896 313 concatenationem
922 285 1039 320 accipit,
1063 294 1146 318 quam
1167 285 1364 312 Antiochensis
1385 286 1507 312 medicus
1526 296 1543 312 a
1563 287 1639 319 prole
1660 287 1707 313 Dei
1729 288 1861 314 inchoans

209 330 328 356 decursis
347 329 494 356 LXXVII.
519 329 661 356 laterculis
684 329 894 363 generationum
921 329 1125 362 protoplastum
1145 328 1292 354 terminum
1313 328 1418 362 posuit,
1438 329 1511 361 quod
1531 330 1771 363 praefigurabatur
1789 331 1859 357 rela-

209 373 284 399 tione
308 372 452 399 historica:
477 372 575 404 Septies
600 371 782 397 vindicabitur
800 371 830 397 dc
855 371 931 402 Cain,
951 371 982 396 de
1002 371 1098 396 Lumec
1116 379 1179 396 uero
1198 371 1315 396 LXXes
1338 371 1427 397 l'IIes.
1466 371 1546 401 Quid,
1566 372 1687 404 inquam,
1708 373 1755 399 ille
1775 382 1859 407 nepos
1874 386 1886 406 p
1905 384 1959 402 css

210 416 338 443 Abrahae
369 424 458 441 nonne
487 414 590 448 septies
619 414 728 440 iteratis
752 414 976 440 incurvationum
1003 414 1109 440 vicibus
1136 414 1263 440 cernulus
1286 414 1496 441 inclinabatur?
1536 415 1654 441 lllustris
1680 417 1795 442 auternb
1821 418 1861 443 vir
1877 426 1974 448 110⁹.st

209 458 406 485 desideriorum
427 458 516 484 LXX.
536 457 736 484 ebdomadibus
756 466 841 490 usque
862 457 896 483 ad
917 465 1001 482 cunas
1020 456 1222 483 bethleemitici
1244 457 1321 483 ducis
1341 457 1474 491 porrectis
1494 458 1618 484 declarat
1637 459 1684 492 xpi
1709 460 1859 486 adventum

210 502 261 527 hoc
281 504 323 527 est
341 501 461 527 evolutis
481 501 610 527 xcvlll.
631 501 778 527 lustrorum
799 499 918 528 circulis,
939 499 1011 532 quod
1031 501 1074 526 est
1092 509 1107 525 a
1129 500 1196 525 XX«)
1215 508 1287 525 anno
1307 501 1489 531 Artarxerxis,
1508 500 1581 535 regis
1602 501 1752 531 Persarum,
1779 503 1858 528 decu-

208 545 287 578 plato
306 543 437 570 videlicet
456 543 626 577 Septenario.
651 546 715 570 tnnc
739 543 876 569 existente
896 542 1047 580 olimpiade
1068 542 1244 568 Lxxx¹¹lv²¹
1263 552 1347 576 usque
1368 543 1394 569 in
1415 553 1516 570 annum
1537 543 1609 570 .XV.
1628 544 1733 571 Tiberii
1757 545 1859 571 solares

208 588 398 620 supputantur
411 586 475 612 anni
490 585 701 612 .CCCCLXXV.
722 585 749 611 id
764 587 805 611 est
827 585 905 611 iuxta
925 585 1048 611 lunarem
1068 585 1281 612 calculationem
1303 586 1458 612 .CCCCXC.
1479 586 1598 613 adiectis
1616 586 1819 620 quadrantibus
1833 590 1861 614 et

208 629 431 656 embolismorum
456 628 642 655 incrementis.
686 628 806 654 Siroruin
830 637 940 661 quoque
969 628 1098 662 princeps
1127 637 1216 655 nonne
1244 629 1368 662 septenis
1393 629 1500 655 vicibus
1529 630 1642 656 sormam
1670 631 1976 663 r1-ge11er21ntisp.sa,2⁴

207 672 316 706 gratiae
345 672 424 698 alveo
454 671 578 698 Iordanis
604 671 778 698 declaravit?
824 671 904 697 Nunc
935 670 1008 697 .VII.
1032 671 1206 698 sacerdotum
1233 671 1385 705 salpicibus
1409 672 1579 699 iubeleorum
1603 673 1716 705 clangor
1739 673 1860 699 dirutam
1877 684 1888 703 ιι
1908 681 1974 702 τυ,ιι

210 715 304 741 urbem
324 715 439 745 evertit,
463 722 534 747 quae
557 714 645 748 figura
671 714 750 740 iuxta
775 722 919 748 anagogen
949 714 1069 747 peractis
1089 714 1161 740 .Vll.
1191 715 1362 741 saeculorum
1388 715 1574 741 voluminibus
1601 716 1736 742 ruiturum
1766 716 1860 742 mundi

209 757 359 784 terminum
390 757 560 783 manifestat.
607 758 776 783 ornamenta
803 757 908 790 quippe
937 757 1070 783 ecclcsiae
1098 757 1220 791 septenis
1247 757 1398 784 officiorum
1427 758 1558 791 gradibus
1581 758 1771 789 continentur,
1790 768 1861 792 quae

207 809 223 826 a
252 800 341 834 primo
370 800 464 826 ordine
494 799 635 826 destinata.
663 809 712 834 per
740 799 892 826 exorcistas
918 801 945 826 et
977 799 1112 826 acolitosc
1144 799 1315 826 incrementa
1347 801 1480 827 virtutum
1506 801 1621 834 capiunt
1652 805 1679 827 et
1711 810 1796 834 nsque
1827 802 1861 828 ad

208 843 307 869 summi
336 843 515 876 pontificatus
546 842 735 877 gubernacula
765 851 797 869 ac
834 843 1008 869 sacerdotum
1040 843 1141 869 infulas
1178 843 1379 877 pedetemptim
1412 844 1608 878 pertingunt&
1658 844 1745 870 ldciro
1782 853 1862 878 prax-

207 886 401 919 apostolicow‘
419 886 536 912 totidem
559 886 630 911 viros
655 885 818 911 diaconatus
841 886 931 912 officio
956 886 1064 912 functos
1084 886 1218 913 ecclesiae
1237 886 1397 920 primitivae
1416 886 1622 920 dispensatores
1642 887 1750 920 probat.
1788 888 1859 913 Nam

207 929 311 963 duplex
325 929 442 955 Nilotici
463 937 509 955 rex
523 928 706 955 somniorumf
724 928 872 963 praesagia
886 929 1052 962 portendens
1071 931 1201 962 septenas
1219 929 1357 963 =spicarum
1377 929 1517 963 glumulas
1536 938 1597 955 cum
1617 929 1734 956 totidem
1754 930 1862 956 buculis
1877 938 1896 958 p.
1908 935 1939 953 T1-
1952 934 1963 951 ³

211 971 417 1006 contemplatus
431 971 575 1006 praedicto
588 980 701 998 numero
715 971 827 998 minime
840 973 1001 1005 refragare&
1015 971 1240 1005 deprehenditur.
1268 972 1364 998 Altera
1377 981 1486 1005 quoque
1500 972 1663 998 testamenti
1676 973 1775 999 tabula
1788 973 1847 998 .VII
1856 994 1862 999 .
1877 973 1928 994 ibid*
1941 978 1962 995 ¹1

209 1017 422 1048 praeceptorum
449 1015 563 1041 tenereh
587 1014 693 1048 scripta
721 1014 869 1048 legebatur
891 1017 919 1041 et
945 1014 1079 1040 orationis
1104 1014 1259 1041 dominicae
1284 1014 1445 1041 intercessio
1469 1015 1542 1041 .VlI.
1566 1015 1764 1041 sententiarum
1792 1015 1861 1042 serie

211 1057 380 1087 contexitur,
399 1056 536 1090 siquidem
556 1056 654 1083 diurna
673 1058 702 1083 et
720 1059 858 1083 nocturna
877 1057 1006 1083 horarum
1025 1057 1174 1082 intervalla
1200 1072 1228 1075 —
1258 1057 1349 1083 fiscale
1371 1058 1508 1084 tributum
1532 1057 1665 1083 officiumi
1690 1072 1720 1076 -
1745 1060 1863 1091 septena

207 1100 334 1126 sinaxeos
348 1099 557 1133 intercapedine
573 1100 700 1126 revoluta
714 1102 850 1126 rotantur.
880 1099 915 1126 Et
928 1099 997 1125 alibi
1012 1099 1175 1133 psalmistae
1188 1100 1300 1126 oraculo
1314 1100 1425 1133 eloquia
1445 1099 1548 1126 domini
1568 1102 1691 1134 argento.
1710 1101 1783 1134 quod
1802 1109 1862 1134 scp-

208 1143 288 1177 tuplo
309 1143 446 1177 expiatur,
467 1143 594 1176 coaptari
614 1144 772 1169 noscuntur.
804 1142 965 1169 Saeculares
983 1151 1092 1176 quoque
1106 1142 1272 1176 disciplinae
1285 1143 1403 1169 totidem
1416 1143 1543 1177 partibus
1557 1143 1689 1169 calculari
1705 1146 1863 1172 cernuntur:
1878 1147 1929 1166 ibid<
1941 1150 1966 1168 22

207 1185 388 1212 arithmetica
406 1185 523 1215 scilicet,
543 1185 722 1219 geometrica.
742 1185 855 1217 musica,
875 1185 1053 1215 astronomia,
1079 1185 1240 1219 astrologia,
1265 1186 1456 1216 mechanicak,
1479 1186 1625 1212 medicina.
1662 1186 1714 1212 Sed
1733 1186 1863 1213 universa

208 1230 367 1262 tempomm
381 1228 543 1255 vicissitudo
563 1237 653 1254 nonne
673 1228 745 1254 binis
764 1230 793 1256 et
811 1228 959 1262 quinquies
979 1228 1056 1255 denis
1075 1228 1291 1255 ebdomadarum
1309 1228 1497 1255 voluminibus
1516 1228 1620 1262 iugiter
1642 1230 1767 1255 rotatur?
1804 1229 1862 1256 Nec
1877 1234 1960 1256 1³-7²‚1

210 1271 271 1304 ipsa
300 1280 420 1305 superna
443 1273 571 1298 creatura
596 1271 787 1297 huiuscemodi
812 1270 1022 1305 supputationis
1048 1271 1183 1298 laterculo
1208 1280 1300 1298 carere
1325 1272 1512 1305 cognoscitur,
1537 1271 1600 1297 dum
1628 1271 1746 1298 visibilis
1768 1272 1863 1298 muudi

205 1314 320 1340 factura
348 1314 472 1348 septenis
497 1314 610 1341 orbibus
629 1314 768 1341 caelorum
787 1322 884 1348 sperae
903 1314 1011 1347 impetu
1031 1323 1165 1348 praeceps
1185 1314 1364 1349 vergentibus
1383 1314 1595 1340 circumvallata
1614 1314 1744 1348 cingitur.
1781 1315 1864 1341 Porro

206 1357 312 1383 lunaris
338 1357 497 1384 rotunditas
523 1357 646 1391 septenis
666 1358 792 1383 variatur
814 1357 910 1391 figuris
934 1357 987 1383 hoc
1007 1359 1049 1384 est
1067 1357 1198 1384 bicornea
1218 1360 1246 1384 et
1264 1357 1356 1383 sectili
1377 1366 1409 1383 ac
1428 1357 1558 1390 reliquis.
1583 1366 1654 1390 quae
1674 1357 1864 1392 septiformem

209 1399 343 1426 ecelesiae
362 1400 484 1434 speciem
499 1400 645 1434 designare
658 1402 769 1434 patrum
782 1401 892 1426 statuta
905 1402 1064 1426 sanxerunt.
1096 1400 1155 1426 Nec
1169 1401 1372 1434 praetereunda
1385 1409 1445 1427 reor
1458 1400 1565 1426 Pliadis
1579 1401 1622 1427 vel
1636 1400 1747 1426 Arcturi
1761 1401 1863 1431 sidera3
1878 1409 1897 1429 1·-
1910 1406 1941 1429 T2,
1954 1407 1977 1424 ¹0

208 1451 271 1468 nam
291 1443 433 1473 Arcturus,
454 1443 543 1477 (qui>¹
565 1443 648 1470 boreo
673 1443 812 1476 aquilonis
839 1443 896 1477 poli
924 1443 1036 1470 cardine
1063 1443 1200 1474 volvitur,
1224 1452 1280 1476 qua
1303 1443 1411 1469 Scithia
1440 1452 1525 1477 regna
1548 1443 1714 1470 horrendum
1738 1443 1865 1470 incolunt

210 1485 375 1518 barbariem,
395 1485 550 1519 septiformi
564 1486 709 1513 temonis¹¹¹
729 1487 758 1512 et
770 1486 889 1520 plaustri
903 1486 992 1513 sidere
1006 1486 1177 1521 designatur,
1197 1488 1223 1513 et
1238 1486 1286 1520 qui
1300 1495 1449 1520 numquam
1465 1495 1611 1513 occasurus
1624 1495 1731 1520 semper
1743 1487 1862 1513 brumali
1878 1489 1903 1509 (ἱ.
1915 1490 1959 1513 226,
1972 1492 1980 1509 1

208 1528 293 1555 circio
317 1529 476 1563 copulatur,
504 1531 620 1563 propter
639 1529 813 1556 vicinitatem
837 1529 897 1555 axis
922 1538 975 1555 non
996 1529 1125 1556 inmerito
1144 1529 1253 1564 priseae
1272 1529 1343 1564 legis
1361 1529 1555 1556 austeritatem
1576 1530 1754 1563 praefigurat.
1791 1529 1863 1559 Quid

208 1572 325 1599 referam
339 1572 541 1598 Athlantidasn
562 1572 605 1598 vel
625 1572 738 1598 Pliadas
758 1581 804 1599 seu
824 1571 965 1606 Vergilias
983 1572 1041 1598 sive
1062 1572 1172 1598 botrum
1192 1572 1427 1606 septena(riam)0
1447 1572 1625 1598 carismatum
1639 1572 1864 1598 distributionem

208 1615 416 1650 praefigurare?
453 1616 595 1641 Astrorum
615 1624 724 1649 quoque
744 1616 831 1647 situs,
851 1624 922 1649 quae
942 1615 1073 1642 dicuntur
1092 1615 1200 1642 Hiadae
1220 1615 1263 1641 vel
1283 1615 1408 1646 Suculae,
1428 1617 1493 1642 ante
1513 1615 1630 1642 frontem
1651 1615 1736 1641 Tauri
1755 1615 1964 1644 locat11sp.7:=.1

209 1658 379 1691 septiformis
397 1666 456 1684 esse
475 1660 654 1690 monstratur,
679 1658 751 1685 unde
771 1658 984 1685 mathematieiv
1004 1659 1092 1685 fatum
1114 1659 1252 1685 fortunam
1273 1659 1317 1684 vel
1336 1658 1477 1692 genesini‘l
1497 1660 1547 1684 aut
1565 1667 1694 1692 suprema
1713 1658 1861 1684 Parcarum
1877 1661 1928 1681 ibid.
1941 1664 1951 1681 0

211 1701 258 1727 tila
284 1701 387 1727 dieunt.
424 1701 483 1727 Nec
509 1709 562 1727 non
587 1702 616 1727 et
639 1702 817 1735 planetarum
843 1701 936 1735 dispar
960 1701 1124 1728 volubilitas
1143 1701 1265 1735 septenis
1284 1701 1427 1728 stellarum
1448 1701 1593 1727 curriculis
1612 1703 1728 1727 rotatur.
1764 1700 1816 1727 Sed
1835 1702 1863 1727 et
1878 1704 1965 1725 ibidum

207 1743 329 1769 latibula
343 1743 434 1770 noctis
447 1744 516 1771 .VII.
531 1744 659 1777 partibus
672 1744 850 1776 dirimuntur,
863 1744 915 1770 hoc
930 1746 972 1770 est
986 1744 1144 1776 conticinio,
1158 1744 1334 1778 intempesto,
1349 1745 1510 1778 crepusculo
1523 1746 1552 1770 et
1564 1746 1678 1770 ceter-ra.
1708 1743 1862 1769 Fidiculani
1877 1746 1928 1766 ibid.
1939 1749 1962 1767 15

208 1794 318 1820 quoque
338 1786 528 1814 modulatione
547 1787 689 1814 armoniae
708 1787 890 1814 resultantem
912 1787 986 1814 .Vll.
1007 1789 1132 1814 constare
1158 1787 1258 1813 fidibus
1277 1787 1374 1821 regula
1393 1787 1518 1813 declarat
1536 1786 1660 1820 Virgilii:
1676 1786 1756 1812 .VII.
1769 1785 1862 1811 discri—

208 1830 282 1855 mina
303 1838 400 1856 rocam.
432 1829 484 1856 Sed
504 1829 580 1860 mihi,
601 1832 632 1857 ut
650 1833 736 1864 poeta
754 1831 846 1861 refert,
867 1833 929 1856 ante
947 1830 1013 1856 diem
1032 1831 1124 1856 clauso
1143 1833 1279 1863 componet
1298 1838 1387 1863 respo·
1405 1831 1508 1864 olimpo,
1529 1839 1608 1863 quam
1618 1830 1715 1862 possim
1729 1829 1864 1861 decerpere
1877 1836 1964 1862 ibidus

206 1875 278 1904 tota,
299 1881 365 1905 quac
388 1873 521 1898 muner-iss
544 1873 626 1899 .VII.
657 1876 815 1899 monstrents
837 1873 954 1906 caeempla
977 1874 1103 1900 sacratis.
1139 1872 1192 1899 Sed
1218 1873 1288 1899 sorte
1308 1873 1429 1906 quilibet
1448 1874 1652 1907 percunctetur,
1677 1881 1724 1898 cur
1743 1871 1789 1898 hic
1809 1871 1862 1898 cal·
1878 1881 1964 1904 pus.

204 1915 282 1942 culus
307 1915 418 1949 saepius
437 1924 453 1942 a
473 1924 515 1942 me
534 1915 697 1949 replicetur:
721 1916 827 1942 recolat
847 1918 1042 1949 argumentum
1062 1916 1129 1949 (me)
1150 1915 1313 1949 sumpsisse,
1340 1916 1411 1942 unde
1431 1915 1606 1950 postmodum
1626 1914 1735 1949 fragilis
1753 1916 1781 1941 et
1801 1922 1861 1948 gra-
1877 1920 1928 1940 ibid.
1942 1923 1962 1940 ιι

203 1958 264 1984 cilis
284 1958 390 1992 ingenii
410 1958 525 1984 frutices
544 1960 573 1984 et
592 1958 755 1985 nutabunda
776 1958 920 1985 verborum
942 1958 1045 1984 vimina
1064 1959 1169 1992 patulis
1188 1959 1284 1985 defusa
1302 1959 1466 1985 ramusculis
1485 1962 1708 1984 succreveruntu.

307 2068 330 2098 ¹⁸)
349 2076 431 2099 usque
450 2076 464 2092 a
486 2067 508 2091 L
597 2066 621 2098 b)
640 2065 671 2092 ai'
692 2067 715 2091 L
803 2067 825 2099 c)
844 2067 949 2091 acolitos
968 2075 982 2091 (ι
1001 2075 1081 2098 supra
1101 2075 1116 2091 a
1132 2067 1151 2090 L
1240 2065 1264 2097 d)
1286 2072 1369 2098 pgunt
1382 2076 1402 2091 s.
1416 2067 1432 2090 l.
1449 2067 1473 2091 in
1495 2067 1515 2090 L
1604 2071 1625 2096 ⁰)
1646 2066 1814 2098 praxapticon
1835 2065 1856 2089 L

202 2108 220 2140 s)
245 2118 289 2135 rex
307 2111 462 2134 somniorum
488 2110 524 2134 L:
549 2115 657 2142 propter
679 2110 866 2142 contemplatus
896 2110 935 2134 m'l
959 2109 1110 2134 ‘sammullam
1217 2110 1241 2141 Β)
1265 2110 1300 2134 sic
1319 2109 1342 2133 L
1443 2108 1466 2140 ¹¹)
1487 2114 1572 2134 tenere
1592 2109 1613 2133 L
1641 2118 1671 2129 =
1697 2109 1744 2137 I’¹,
1769 2113 1856 2133 tenore

202 2157 255 2177 cele.
352 2152 371 2185 i)
390 2153 452 2178 haee
466 2154 548 2185 plane
566 2158 657 2178 temere
675 2158 795 2185 excerpta
813 2153 930 2178 videnlur
1027 2151 1051 2184 k)
1072 2153 1225 2177 mecliauitia
1249 2153 1268 2176 L
1371 2151 1389 2183 ¹)
1408 2154 1450 2184 qui
1471 2161 1518 2177 om.
1542 2152 1563 2176 l,
1654 2152 1686 2183 ¹¹¹)
1706 2152 1819 2176 demonis
1839 2152 1860 2175 I,

204 2196 228 2227 n)
248 2196 380 2221 athlaudas
400 2205 419 2220 ε.
433 2197 450 2221 Ι.
471 2197 488 2221 ti
510 2197 530 2220 L
618 2196 641 2227 υ)
661 2201 766 2229 septena
786 2196 807 2221 J«
889 2197 913 2227 P)
933 2196 1097 2225 matematici,
1117 2196 1134 2220 Ρ
1152 2204 1232 2227 supra
1252 2200 1261 2220 t
1281 2196 1303 2220 L
1391 2196 1415 2226 (ι)
1433 2195 1540 2228 gnelsim
1563 2195 1583 2219 li
1666 2194 1687 2227 ¹')
1707 2203 1723 2226 q
1742 2203 1761 2219 ε.
1776 2195 1792 2220 I.
1813 2201 1857 2225 oqy

204 2247 327 2264 numerus
345 2248 364 2264 s.
379 2240 396 2264 l.
415 2245 460 2270 ozp
480 2239 502 2263 L
607 2240 627 2270 ³)
648 2244 775 2264 montrent
795 2239 815 2263 l,
922 2240 941 2270 t)
960 2239 1075 2264 saerffitis
1094 2239 1115 2263 I.
1221 2239 1245 2270 ¹¹)
1265 2239 1330 2272 finis
1349 2244 1370 2264 e(
1390 2238 1501 2270 excerpti
1519 2243 1541 2263 et
1557 2238 1682 2270 paglinae:
1706 2238 1780 2262 nulla
1799 2238 1856 2261 snb-

203 2282 306 2313 scriptio
324 2287 359 2307 est
378 2282 477 2307 addita.
