2183 3077
803 736 1211 781 PRAEFATIO.

290 853 332 884 In
345 852 602 893 prcueclarissimo
619 851 823 891 epistularum
840 852 1005 893 Bonifatii
1021 853 1119 884 codice
1139 852 1368 883 Vindobonensi
1386 853 1446 882 751
1463 852 1585 883 saeculo
1606 862 1687 884 nono
1710 854 1833 892 scripto,

183 904 219 935 de
242 914 304 943 quo
327 905 401 943 post
429 904 510 934 alios
532 904 764 935 accuratissime
791 904 852 943 eyit
884 903 931 935 W.
949 903 1158 942 Dieleampius
1181 903 1238 943 (N.
1252 903 1292 934 A.
1310 903 1366 934 IX
1381 903 1420 933 11
1431 904 1525 943 sqq),
1551 903 1645 944 foliis
1667 905 1835 934 38α--39ὁ

182 955 296 995 leqitur
325 954 462 994 epistula
494 955 582 986 nullo
612 955 737 986 nomine
770 954 925 993 inscripta
955 955 1075 994 (Epist.
1099 954 1183 986 ,Mein
1210 954 1233 985 I
1256 955 1347 994 384),
1379 964 1473 993 quam
1510 965 1549 985 ex
1584 964 1644 994 quo
1671 954 1713 986 II.
1735 955 1835 986 Halm

184 1006 422 1046 (Forseliunycn
448 1016 508 1037 zur
531 1005 707 1037 Deutsclzen
733 1006 910 1037 Geseleiclite
929 1006 1021 1037 XXI
1035 1007 1113 1046 384)
1137 1006 1232 1037 ladio
1253 1006 1429 1044 adscripsit,
1452 1015 1555 1037 omnes
1577 1006 1745 1037 rectissime
1768 1007 1836 1037 cius

183 1058 368 1089 sententiam
391 1058 465 1088 sunt
486 1057 634 1096 amplexi.
680 1057 774 1088 Hanc
798 1056 890 1088 Lulli
915 1057 1093 1098 epistulam,
1119 1060 1192 1096 post
1216 1066 1338 1088 versum
1367 1059 1577 1088 recurrentem
1601 1057 1680 1088 miro
1702 1058 1835 1096 quodam

182 1109 318 1148 artificio
346 1108 438 1139 rectis
469 1108 625 1147 versisque
657 1108 771 1139 litteris
802 1108 885 1139 inter
914 1118 946 1139 se
980 1108 1085 1148 ligyatis
1114 1108 1281 1148 scriptum,
1315 1108 1444 1139 nomina
1473 1117 1630 1138 ranarum
1656 1110 1684 1139 et
1713 1108 1836 1139 ludicra

183 1159 335 1200 quaedam
360 1158 516 1190 scribendi
530 1159 666 1190 eiusdem
689 1159 811 1190 litterae
827 1159 1008 1197 repetitione
1024 1159 1234 1198 conprehensa
1249 1160 1425 1198 sequuntur
1448 1159 1502 1199 (cs.
1516 1158 1553 1190 L.
1567 1159 1698 1197 Traube,
1722 1159 1836 1191 Karol.

183 1210 289 1242 Diclit.
310 1220 344 1251 p.
362 1210 434 1248 134,
450 1212 470 1240 4
497 1212 526 1241 et
547 1209 587 1241 E.
604 1209 787 1241 Duemmler
816 1209 860 1240 ad
880 1210 983 1249 Epist.
1001 1210 1083 1241 Iller.
1100 1210 1123 1241 I
1141 1211 1204 1240 384
1213 1212 1291 1250 sq.),·
1316 1209 1391 1241 haee
1417 1212 1519 1241 antem
1546 1211 1582 1241 in
1609 1220 1690 1241 nova
1711 1212 1836 1251 payina

183 1262 285 1302 (40⁶²),
309 1272 387 1301 quae
402 1262 482 1293 sexti
497 1261 716 1301 quaternionis
734 1261 841 1300 prima
857 1262 909 1298 est,
933 1261 1094 1300 excipiunt
1114 1261 1257 1292 carmina
1273 1263 1408 1300 quatuor
1423 1261 1600 1301 rhythmica
1619 1262 1741 1301 ‘insiqne
1761 1263 1835 1294 alli-

184 1313 348 1345 tcrationis
363 1313 499 1344 studium
513 1323 592 1352 prae
608 1321 639 1344 se
654 1312 797 1351 ferentia,
813 1322 895 1352 quae
911 1314 1092 1344 octonarum
1107 1312 1299 1353 syllabarum
1314 1313 1461 1350 versibus,
1482 1323 1615 1352 quorum
1634 1313 1722 1345 binos
1737 1314 1838 1345 rimus

183 1365 266 1396 inter
288 1374 319 1396 se
341 1365 480 1402 conectit,
510 1364 668 1403 conposita
684 1364 878 1404 propriaque
907 1364 1110 1403 inscriptione
1133 1366 1242 1395 notata
1265 1366 1339 1396 sunt
1368 1365 1480 1405 incipit
1503 1375 1632 1396 carmen
1656 1356 1728 1404 AL,
1757 1376 1836 1404 quae

183 1416 346 1455 inscriptio
369 1418 441 1447 ante
463 1416 623 1456 sequentia
647 1416 711 1446 tria
732 1415 893 1454 repetitur,
921 1425 989 1446 cum
1014 1416 1119 1455 primo
1142 1416 1278 1447 carmini
1305 1415 1519 1457 subscriptum
1547 1417 1589 1447 sit
1616 1416 1684 1448 finit
1706 1428 1836 1449 carmen

184 1467 348 1499 aldhelmi.

273 1519 360 1550 Haec
384 1519 528 1550 carmina
543 1537 584 1542 -—
601 1519 736 1558 quinque
758 1521 863 1550 autem
882 1521 965 1556 sunt,
989 1527 1053 1549 non
1075 1520 1221 1557 quatuor,
1244 1528 1313 1549 cum
1335 1518 1461 1549 tertium
1483 1518 1517 1548 *in
1540 1518 1602 1549 duo
1617 1519 1838 1550 secernendum

184 1580 247 1601 esse
270 1570 376 1601 doceat
397 1579 504 1601 versus
520 1569 543 1601 I
548 1569 606 1600 V9
630 1570 708 1601 mihi
735 1594 742 1601 .
761 1595 766 1601 .
792 1569 931 1602 facunda
955 1569 1054 1600 funde
1078 1569 1209 1610 famina,
1233 1580 1303 1601 cnm
1324 1570 1359 1600 *in
1376 1569 1635 1610 praecedentibus
1655 1580 1761 1609 preces
1778 1581 1838 1610 per

184 1621 309 1652 tertiam
330 1630 496 1660 personam
511 1621 577 1652 sint
599 1623 760 1660 conceptae
785 1621 973 1661 (Summum
990 1623 1131 1652 satorem
1156 1645 1162 1652 .
1181 1644 1188 1652 .
1212 1624 1288 1662 peto
1314 1647 1319 1652 .
1338 1646 1345 1652 .
1368 1621 1526 1652 tutamina
1549 1621 1683 1661 tribuat)
1700 1640 1740 1644 —-
1757 1621 1839 1653 nihil

184 1673 227 1703 ad
249 1673 414 1712 epistulam
430 1672 666 1712 praecedentem
683 1673 843 1711 pertinere
860 1683 1052 1712 quamquam
1067 1674 1096 1703 et
1118 1672 1232 1703 codicis
1248 1672 1347 1713 ipsius
1368 1672 1510 1702 indicant
1534 1672 1652 1703 indicia
1675 1675 1704 1703 et
1720 1673 1837 1712 probat

183 1727 411 1763 aryumentum,
435 1723 517 1763 quod
539 1724 574 1754 in
597 1723 732 1762 epistula
756 1734 805 1754 res
824 1723 1033 1754 Germanicas
1053 1723 1253 1761 demonstrat,
1277 1732 1326 1753 res
1341 1722 1553 1754 Britannicas
1575 1724 1610 1754 in
1633 1724 1835 1762 carminibus,

183 1778 288 1806 tamen
315 1785 354 1806 eo:
377 1785 437 1814 quo
460 1775 628 1807 Serrarius
656 1775 692 1805 ‘in
714 1774 874 1813 Epistulis
901 1774 935 1805 S.
956 1774 1113 1815 Bonifaci
1140 1774 1291 1814 martyris
1318 1774 1520 1813 (Bloyuntiae
1548 1775 1647 1812 1605)
1678 1785 1747 1806 cum
1778 1775 1838 1807 liae

183 1827 331 1866 epistula,
355 1827 464 1857 ordine
487 1826 600 1857 codicis
623 1826 870 1857 Vindobonensis
897 1826 1051 1865 deceptus,
1081 1826 1258 1863 coniunxit,
1292 1835 1359 1856 cum
1384 1835 1421 1856 ea
1451 1825 1618 1856 coniuncta
1645 1829 1837 1865 manserunt,

182 1878 256 1909 dum
279 1888 315 1909 ea
339 1878 393 1915 ita,
420 1879 455 1908 ut
478 1878 597 1909 iustum
620 1878 746 1909 tandem
769 1877 958 1908 recensionis
982 1877 1308 1916 interpretationisque
1333 1876 1445 1907 iaceret
1464 1876 1717 1917 fundmzentum,
1740 1878 1837 1909 edidit

184 1929 356 1968 Philippus
367 1929 456 1967 Jaffe
470 1930 505 1960 in
520 1929 738 1960 DIonumentis
754 1929 956 1968 Illoyuntinis
971 1928 1094 1968 (Berol.
1109 1928 1208 1966 1866)
1221 1938 1254 1967 p.
1268 1928 1310 1958 38
1317 1938 1380 1967 sqq.
1416 1928 1450 1959 Is
1466 1937 1534 1958 cum
1550 1930 1628 1959 reete
1643 1929 1778 1967 vidisset,
1802 1930 1837 1961 in

182 1981 318 2019 epistula
330 1980 536 2012 Aetliilwaldi
555 1980 598 2011 ad
608 1979 806 2011 Aldlzelmum
822 1982 877 2020 (=
891 1979 1060 2018 Epistulae
1075 1979 1234 2010 Aldlielmi
1250 1979 1302 2019 (7)
1315 1979 1359 2010 ΙΙ
1368 1990 1404 2018 p.
1418 1979 1480 2009 495
1490 1980 1540 2018 sq)
1557 1980 1708 2011 camninis
1729 1981 1836 2019 (sicarii

182 2032 367 2063 mentionem
381 2031 462 2071 fieri,
485 2031 561 2062 haec
577 2032 722 2063 earmina
739 2031 778 2062 ab
796 2031 929 2070 epistula
946 2040 1103 2071 anonyma
1119 2031 1260 2061 seiuncta
1276 2040 1345 2061 cum
1361 2030 1639 2068 Aethilwaldiana,
1663 2042 1743 2071 qzcae
1766 2033 1837 2071 ipsa

182 2093 300 2122 qnoque
323 2083 359 2113 in
381 2082 444 2114 solo
469 2082 699 2114 Vindobonensi
721 2085 845 2114 servata
868 2084 926 2120 est,
950 2082 1131 2119 eoniunxit;
1153 2081 1234 2121 quod
1255 2083 1334 2113 recte
1356 2081 1477 2113 viderat
1500 2081 1603 2120 Jaffe,
1626 2082 1663 2113 L.
1680 2083 1838 2115 Traubius

182 2133 219 2174 (l.
236 2134 256 2166 l.
273 2145 308 2173 p.
332 2135 408 2174 131)
431 2136 459 2165 et
482 2134 524 2166 H.
546 2134 697 2166 Halmius
719 2134 877 2175 (Bonifaz
907 2133 974 2164 wind
995 2133 1060 2164 Isia
1076 2143 1111 2172 p.
1129 2133 1180 2165 45.
1200 2133 1277 2170 181)
1304 2135 1382 2164 recte
1411 2133 1535 2172 lonyius
1558 2134 1717 2172 persecuti
1743 2135 1836 2165 etiam

183 2195 310 2216 carmen
332 2186 368 2216 de
391 2186 594 2217 transmarini
618 2187 739 2217 itineris
771 2186 1032 2228 peregrinatione
1061 2185 1097 2215 in
1123 2184 1260 2225 epistula
1287 2186 1555 2215 conunemoratum
1583 2185 1617 2216 in
1645 2186 1838 2217 carminibus

182 2237 299 2267 nostris
315 2237 370 2276 (=
384 2246 416 2268 n.
429 2237 483 2278 II)
500 2237 565 2268 iam
580 2240 703 2269 eoestare
718 2239 916 2275 monuerunt,
939 2246 1008 2267 cum
1022 2236 1081 2267 Ph.
1095 2235 1184 2274 Jaffc
1199 2235 1253 2266 hoc
1269 2236 1373 2275 ipsum
1388 2235 1651 2277 perincommode
1669 2238 1835 2269 evanuisse

177 2289 349 2327 putaverit.
383 2288 547 2328 Lequntur
562 2291 666 2319 autem
689 2290 724 2319 in
740 2289 876 2328 epistula
886 2299 920 2327 p.
937 2289 1009 2325 496,
1021 2287 1136 2326 275qq.
1154 2287 1278 2318 haecce:
1300 2287 1384 2318 Huic
1402 2290 1508 2318 autem
1525 2291 1653 2319 nostrae
1671 2290 1837 2329 parvitatis

184 2340 341 2380 epistulae
365 2339 447 2370 trina
463 2340 582 2370 cantati
606 2339 831 2371 modolaminis
848 2340 989 2371 carmina
1013 2339 1095 2370 binis
1118 2339 1291 2381 generibus
1315 2339 1440 2379 digesta
1463 2339 1676 2377 subdidimus,
1703 2352 1836 2381 quorum

183 2391 319 2431 primum
337 2390 486 2421 dactilico
503 2391 623 2422 heroici
640 2392 800 2432 poematis
817 2394 984 2423 exametro
1002 2402 1038 2422 ac
1056 2390 1208 2432 pedestri.
1233 2394 1267 2421 ut
1284 2393 1424 2426 autumo.
1449 2391 1562 2431 regula
1580 2392 1765 2422 trutinatum
1777 2393 1786 2411 ¹
1804 2395 1837 2423 et

183 2442 213 2472 in
237 2442 331 2473 LXX
347 2443 594 2483 coaequantium
612 2453 761 2474 voi-suum
787 2443 951 2482 formulas,
975 2453 1050 2473 casu
1067 2443 1111 2472 ita
1129 2441 1315 2482 obtingente
1333 2445 1364 2472 et
1386 2441 1422 2480 (l.
1440 2442 1516 2481 vol),
1540 2445 1575 2472 ut
1591 2443 1696 2472 verius
1720 2442 1835 2481 (licam,

183 2503 341 2534 supernae
364 2492 610 2534 dispensationis
631 2498 707 2524 nutu
728 2493 918 2525 moderante
930 2493 953 2532 2,
979 2493 1129 2529 divisunn
1155 2493 1282 2523 tertium
1308 2503 1435 2534 quoque
1460 2504 1521 2523 non
1547 2493 1664 2533 pedum
1687 2503 1835 2524 mensura

288 2595 313 2627 1)
334 2595 393 2620 Hoc
411 2594 478 2620 idem
495 2594 545 2619 sibi
564 2594 624 2620 velle
641 2596 708 2626 puto
726 2602 757 2619 ac
769 2593 919 2620 secundum
933 2591 1123 2625 quantitatem
1138 2592 1165 2617 in
1185 2593 1302 2625 pedibus
1322 2592 1444 2619 metricis
1458 2592 1597 2618 valentem
1615 2593 1835 2623 quemadmodum

182 2636 261 2668 infra
275 2637 375 2663 dictum
395 2639 431 2663 est
444 2645 498 2663 non
513 2637 613 2671 pedum
628 2646 755 2664 mensura
768 2637 961 2664 elucubratum
980 2637 1014 2668 cs.
1027 2637 1102 2669 epist.
1115 2636 1151 2662 ad
1165 2635 1274 2661 Lentim
1293 2637 1411 2661 centena.
1428 2637 1577 2661 metrorum
1591 2642 1691 2668 genera
1712 2635 1834 2668 pedestri

183 2679 281 2713 regula
305 2679 460 2706 discernere
482 2682 505 2705 et
530 2679 577 2713 qui
597 2682 712 2711 (versus)
738 2682 814 2706 certa.
838 2679 939 2713 pedum
959 2687 1086 2705 mensura
1105 2679 1279 2705 trutinentur
1387 2677 1413 2709 2)
1444 2677 1571 2703 Cernitur
1590 2677 1620 2702 in
1638 2677 1709 2703 hisce
1727 2679 1833 2704 numeri

183 2721 354 2755 septiformis
372 2722 498 2754 studium,
519 2722 592 2754 qnod
609 2722 639 2747 in
658 2722 764 2748 exordio
781 2722 908 2755 epistulae
928 2721 964 2747 nd
983 2721 1119 2747 Acircium
1139 2721 1267 2746 uberrime
1286 2720 1464 2752 erplieurcrut
1485 2720 1609 2753 muyisler
