2183 3077
162 721 187 739 10

162 978 184 995 15

139 1083 190 1102 1.35

873 163 918 190 DE
936 163 1191 191 VIRGINITATE.
1797 170 1857 198 2137

209 250 364 282 scandere
388 250 547 281 terrificae
571 250 716 280 iussionis
740 250 875 290 imperio
899 250 1096 292 compellens
1120 251 1342 291 squamigeros
1360 254 1518 282 costarum
1537 256 1640 282 crates
1658 253 1859 294 rigidamque

208 302 320 343 spinae
345 306 568 332 curvaturaiw*
592 302 700 342 prunis
724 301 934 343 coquentibus
959 302 1117 332 extorruit
1140 306 1172 332 et
1196 302 1376 333 assantibus
1400 303 1545 333 titionum
1567 303 1671 343 globis
1687 304 1860 335 crudeliter

208 351 401 384 comburens
427 352 555 393 plebem
579 363 597 383 a
621 352 755 384 letiferis
779 352 900 383 bestiae
925 353 1053 383 flatibus
1078 353 1204 394 eripuit.
1244 353 1397 384 Necn0n¹
1423 354 1535 390 etiam,
1567 354 1718 384 ferventis
1748 357 1858 386 occani

207 404 318 435 flustra
342 407 375 435 et
398 405 575 445 spumantis
599 405 774 435 cataclismi
799 404 928 435 caerula
951 416 1022 436 cum
1052 405 1197 446 proprios
1227 405 1478 446 egrederentur-'⁷
1502 406 1671 436 terminosc
1696 410 1727 436 et
1749 407 1859 447 quasid

208 455 336 486 divinae
360 456 530 496 potestatis
554 466 687 487 censura
711 456 820 487 diluvii
844 457 1074 496 irruptioneme
1097 457 1273 487 minaretur
1297 456 1371 487 seuf
1395 458 1425 487 iu
1448 457 1613 497 antiquum
1635 457 1732 487 chaos
1753 459 1859 488 omnia

207 506 313 538 redire
338 510 539 548 cogerentur.
564 507 714 539 accolae*3
737 507 957 548 Epidauritani
983 508 1121 538 eundem
1146 508 1206 539 Dei
1232 507 1386 538 famulum
1411 512 1522 538 contra
1539 507 1712 538 frementes
1727 509 1859 539 fluctus¹¹

207 562 240 589 et
265 558 379 589 salsasi
396 559 556 599 gurgitum
574 558 676 589 moles
700 558 888 599 inexpertok
914 559 1070 600 compulsi
1095 563 1217 590 terrore
1236 559 1483 600 opposuerunt¹;
1510 559 1564 600 qui
1580 570 1651 589 cum
1669 563 1759 590 terna
1777 561 1858 600 pati-

206 609 300 640 buli'¹¹
325 609 509 650 signaculau
534 611 564 640 in
587 610 756 651 glarigeris
779 610 936 641 sulcaret⁰
961 610 1127 641 sablonum
1152 610 1311 648 litoribus,
1336 611 1451 641 mirum
1477 610 1576 647 dictu⁴¹
1607 610 1768 651 quomodo
1794 614 1858 641 tur-

208 666 363 701 gescensp
379 664 495 701 pontus
516 661 547 691 in
564 661 746 692 cumulumq
762 662 918 693 creverit²
943 666 975 693 et
997 662 1028 692 in
1050 665 1169 703 quanta
1191 663 1385 703 proceritate
1411 665 1446 693 ut
1467 673 1575 693 murus
1597 662 1761 703 glacialisr
1785 666 1860 694 ante

206 722 279 743 eum
303 713 437 743 steterit.
485 714 512 743 Ο
538 715 656 754 quanta
681 716 729 743 est
752 713 926 754 pudicitiae
951 714 1059 753 virtus,
1085 724 1167 754 quae
1191 713 1360 744 bachantis
1383 713 1499 744 beluae
1525 713 1646 744 rabiem
1664 714 1860 745 humillima²⁴

207 773 303 804 prece
321 765 518 805 compescuit
541 765 586 795 ett
610 767 786 795 tumentem
810 765 960 806 aequoris
984 765 1140 796 insaniam
1165 765 1289 796 indulta
1312 769 1474 807 potestate
1492 766 1691 807 compressit,
1716 765 1861 797 Danielis

207 814 355 855 profetae
380 815 499 847 factum
522 816 736 857 aequiperans
759 817 790 846 in
815 816 965 851 dracone,
990 816 1209 857 legislatorem
1234 817 1401 848 aemulans
1425 818 1456 848 in
1481 828 1632 858 aequore.

314 866 582 898 IOHANNES=¹³
599 877 685 907 vero⁷
702 867 881 899 Niloticaev
897 867 1076 899 solitudinis
1092 868 1287 908 heremitaW,
1313 870 1365 910 qui
1383 869 1588 899 Theodosiox
1605 868 1714 900 muudi
1732 879 1859 899 monar-

205 916 310 947 chiam
342 918 542 958 gubernante
572 918 778 960 quaterdenis
806 930 960 950 annorum
990 919 1134 950 circulisy
1158 921 1189 950 in
1212 921 1373 960 practicae
1399 921 1651 951 conversationis
1675 920 1779 950 studio
1804 919 1860 951 de-

205 968 332 1003 sudans,
357 980 452 1010 quam
469 969 605 1004 Martha.
631 970 743 1001 Lazari
759 980 922 1011 germana,
944 971 1086 1001 votivum
1104 971 1249 1002 Christoz
1266 971 1474 1002 humanitatis
1492 971 1683 1012 obsequium
1700 972 1859 1012 praebens

206 1020 417 1061 praefigurat,
450 1021 529 1051 miro
559 1021 737 1052 devotionis
767 1021 912 1053 fervore³
940 1023 1050 1063 exegit
1081 1032 1117 1052 ac
1150 1022 1280 1053 demum
1313 1023 1483 1063 quinquies
1513 1022 1654 1053 bilustris
1679 1026 1861 1063 temporum

205 1071 330 1102 circulis
354 1073 384 1102 in
401 1071 407 1114 Ι
424 1076 547 1103 remoto
572 1072 765 1104 delitescens
789 1074 916 1114 tugurio
942 1073 1117 1104 theoricam
1142 1073 1378 1105 anachoreseos
1396 1074 1573 1115 transegitb
1591 1074 1687 1104 vitam
1697 1074 1719 1107 ⁴,
1744 1085 1784 1105 ex
1800 1074 1861 1105 hoc

204 1133 304 1163 purae
330 1124 520 1164 virginitatis
547 1134 662 1154 munus
690 1123 848 1155 illibatum
876 1135 975 1165 usque
1000 1125 1269 1166 nonagenariamc
1295 1125 1482 1166 decrepitae
1506 1125 1673 1156 vetustatis
1697 1128 1860 1156 senectam

204 1173 324 1215 liquettl
342 1175 528 1214 servavisse,
554 1175 640 1216 quod
657 1175 846 1207 chiliarcoe5
862 1176 894 1206 id
919 1179 967 1207 est
983 1176 1110 1207 tribuno
1126 1176 1264 1207 militum
1286 1177 1475 1217 importunis
1493 1175 1641 1217 precibus
1660 1176 1698 1207 (le
1717 1177 1860 1218 coniugis

305 1273 329 1303 ³)
356 1278 505 1298 curuturam
528 1273 655 1306 (suprasc.
674 1282 689 1298 a
708 1273 755 1304 m‘)
775 1273 799 1297 A
905 1273 930 1305 b)
957 1275 1110 1307 egredeutur
1133 1274 1260 1307 (suprasc.
1280 1283 1308 1300 er
1328 1275 1366 1299 ⁷71²
1385 1276 1521 1307 insularis)
1541 1275 1564 1299 A
1672 1276 1694 1305 c)
1723 1277 1859 1301 teu-menos

202 1314 231 1345 (u
243 1323 274 1340 ex
286 1315 323 1347 m)
336 1316 373 1346 A,
398 1317 511 1342 termites
528 1316 656 1349 (supr-asc.
670 1326 686 1341 ιι
704 1315 753 1348 ⁷12²)
772 1317 797 1341 B
887 1316 912 1349 d)
936 1322 961 1342 et
979 1318 1052 1349 quasi
1070 1318 1159 1345 meld„-
1178 1322 1203 1343 et
1221 1318 1365 1343 tollendum
1383 1318 1491 1349 videtur,
1510 1319 1559 1343 nisi
1577 1319 1644 1351 sorte
1662 1323 1761 1350 temere,
1783 1320 1860 1344 etiam

206 1358 297 1383 omi8so
322 1360 403 1384 altero
427 1360 551 1391 membro,
578 1360 732 1385 Aldlzelmus
755 1369 786 1385 ez
810 1360 971 1393 Hieronymo
996 1361 1114 1392 copulam
1137 1361 1271 1386 retinuisse
1295 1361 1428 1393 putandae
1446 1366 1489 1387 est.
1527 1361 1645 1386 Alterum
1664 1362 1724 1386 talis
1742 1362 1859 1388 incuriae

202 1402 345 1433 exemplum
364 1403 438 1427 attuli
456 1403 483 1428 in
500 1403 654 1436 Festschrift
672 1404 718 1436 fiir
737 1405 768 1427 A.
783 1412 804 1428 v.
818 1403 947 1436 Bambery
961 1412 989 1435 p.
1002 1407 1061 1436 5sq.
1161 1404 1183 1435 e)
1202 1405 1350 1437 inruptione
1369 1404 1420 1429 AG
1517 1403 1536 1436 f)
1557 1412 1602 1429 seu
1622 1404 1681 1434 AG,
1701 1413 1747 1430 ceu
1767 1405 1858 1435 (rubro

203 1444 288 1469 colore
306 1453 421 1477 suprasc.
440 1445 464 1478 s)
483 1447 593 1478 antiqui-1
611 1446 738 1478 (supra-sc.
758 1447 784 1471 in
798 1446 848 1477 ⁷⁷1²)
866 1446 899 1477 Β,
918 1455 964 1472 seu
977 1455 1094 1478 suprasc.
1108 1448 1181 1479 quasi
1195 1452 1216 1472 ec
1229 1448 1403 1479 swaswafynd
1420 1447 1442 1471 0
1512 1447 1537 1478 8)
1556 1447 1656 1472 aeeoffle
1669 1447 1694 1471 B
1763 1447 1788 1478 ¹¹)
1807 1448 1859 1473 lue-

203 1492 245 1512 tus
264 1486 390 1519 (suprasc.
410 1490 422 1513 f
437 1489 487 1521 m¹)
505 1490 531 1514 A
601 1489 619 1521 i)
639 1490 717 1514 falsas
737 1490 761 1514 G
831 1488 856 1522 k)
874 1490 1015 1522 INexperto
1034 1490 1066 1520 A,
1087 1491 1113 1515 in
1132 1494 1238 1523 experto
1261 1490 1338 1520 Giles,
1359 1491 1521 1523 inexpertum
1536 1491 1672 1515 insuebum
1694 1490 1858 1523 C'orp.qloes.

201 1529 247 1554 IV
263 1533 319 1561 446,
332 1534 366 1556 29
444 1531 462 1564 l)
481 1537 654 1565 opposuerant
671 1533 722 1558 Bo
800 1532 831 1563 m)
851 1533 933 1565 patuli
951 1531 1079 1564 (supra-rc.
1098 1534 1124 1558 ib
1141 1533 1190 1565 m2)
1210 1534 1234 1558 A
1304 1534 1329 1564 n)
1348 1534 1423 1566 signa
1441 1542 1556 1565 supraoe.
1574 1533 1657 1558 tribus
1683 1534 1757 1558 lineis
1775 1539 1859 1566 mena,

201 1573 343 1606 signacula,
363 1575 490 1608 blesunga
513 1576 534 1600 Ο
603 1576 626 1607 ⁰)
646 1577 759 1602 sulcacet
779 1577 871 1608 (supra
890 1584 904 1600 c
922 1576 960 1600 711²
978 1576 1001 1606 r)
1020 1576 1045 1600 A
1120 1577 1145 1605 P)
1164 1581 1297 1609 turgesces
1316 1575 1443 1608 (supra-30.
1463 1585 1479 1600 n
1498 1576 1548 1606 m²)
1566 1576 1591 1600 L*
1669 1576 1693 1607 (1)
1713 1577 1857 1602 cumulum:

201 1624 215 1641 c
235 1617 262 1641 iu
279 1625 332 1642 ras.
354 1618 393 1648 0¹,
411 1626 425 1643 c
443 1626 474 1643 ex
491 1617 546 1650 t(?)
567 1618 634 1648 012²,
653 1619 782 1644 tumulum
801 1619 838 1643 13⁵
937 1618 958 1649 ¹)
983 1619 1098 1651 glatialis
1117 1618 1168 1643 AG
1268 1618 1289 1650 ⁸)
1315 1617 1463 1644 humillima
1482 1618 1506 1642 A
1607 1619 1624 1649 t)
1652 1620 1674 1644 ἃ
1693 1619 1730 1643 πι’-“
1750 1620 1813 1645 add.
1834 1621 1858 1644 B

200 1658 226 1690 ¹¹)
244 1660 289 1684 DE
308 1650 369 1686 860
388 1661 543 1686 IOHANNE
561 1661 742 1687 HEREMITA
760 1662 796 1692 Β,
820 1662 942 1687 Iohannis
962 1662 1025 1692 AG,
1049 1662 1179 1687 Iohannes
1197 1662 1232 1694 B,
1256 1662 1397 1687 Iohannem
1413 1676 1444 1679 —
1459 1662 1612 1686 heremitam
1632 1662 1688 1693 Lo,
1712 1663 1769 1687 edd.
1791 1663 1856 1687 Con-

200 1703 305 1727 structio
324 1703 415 1736 (liquet
427 1704 583 1736 seruauisse)
602 1705 657 1729 hiae
671 1705 745 1736 quasi
757 1705 951 1730 continuaretur
963 1705 1051 1737 liquet,
1070 1705 1138 1737 quod
1156 1706 1195 1730 vel
1212 1706 1335 1737 quoniam
1354 1710 1380 1730 ut
1399 1714 1418 1730 c.
1433 1704 1493 1734 XV,
1515 1705 1554 1730 vel
1568 1714 1620 1737 pro
1638 1706 1719 1737 liquet
1736 1707 1859 1737 scriptum

200 1749 262 1769 essee
281 1746 360 1770 fertur
466 1747 489 1777 v)
515 1747 625 1779 nilotiee,
650 1748 694 1772 sed
712 1748 762 1772 tice
780 1747 817 1772 7ηι
836 1747 862 1772 In
880 1756 941 1778 ras„
960 1748 985 1771 B
1090 1748 1119 1779 w)
1147 1748 1272 1773 heremita
1291 1748 1356 1777 AG,
1384 1738 1510 1773 heremit'aei'
1530 1756 1646 1779 supr-asc.
1659 1749 1816 1773 anachoreta
1834 1749 1859 1773 B

200 1788 225 1819 ¹)
250 1788 364 1813 thedosio
384 1788 435 1813 AG
544 1789 569 1821 y)
590 1790 725 1815 curriculis
744 1790 793 1815 LO
817 1790 850 1822 cf.
870 1790 906 1815 ad
924 1799 943 1815 c.
958 1790 1037 1815 XIII
1146 1791 1168 1821 z)
1187 1791 1284 1816 christo
1302 1790 1375 1823 (xpo)
1395 1791 1453 1816 LC²
1476 1790 1533 1824 (xp'i
1551 1790 1589 1821 A)
1702 1791 1725 1821 ⁸)
1748 1792 1811 1816 miro
1825 1805 1857 1809 —-

201 1831 287 1856 furore
308 1831 358 1856 AG
376 1831 474 1864 (exegit
492 1837 536 1857 aut
554 1843 587 1854 =
606 1833 675 1865 degit
693 1834 727 1865 cf.
748 1833 824 1865 C'orp.
841 1834 918 1866 gloss.
932 1833 981 1857 IV
994 1837 1050 1864 441,
1065 1836 1093 1859 15
1110 1838 1155 1858 aut
1173 1842 1204 1859 eac
1222 1835 1382 1866 sequentibus
1400 1835 1478 1859 vitam
1497 1834 1693 1865 supplendum),
1718 1835 1810 1858 mirum
1825 1848 1857 1851 —

201 1874 328 1899 feruorem
347 1875 420 1899 codd.
441 1875 512 1900 Giles
606 1875 631 1908 b)
650 1876 942 1908 anachoreseostrasegit
961 1876 1087 1908 (supraec.
1106 1885 1123 1900 n
1142 1875 1191 1907 ⁷72¹)
1211 1877 1235 1900 A
1336 1877 1359 1909 θ)
1379 1877 1568 1908 nonagenaria:
1592 1885 1606 1901 a
1623 1877 1668 1901 alt.
1682 1885 1712 1901 ea:
1725 1876 1743 1906 5²,
1763 1877 1807 1901 ult.
1827 1885 1858 1901 ea:

201 1925 218 1941 u
238 1917 300 1941 711213
389 1916 413 1949 d)
432 1918 512 1950 liquet
530 1927 578 1944 om.
599 1918 621 1943 G
710 1918 731 1950 Ε)
750 1919 873 1944 ehiliarco
892 1918 977 1951 ABG,
996 1919 1135 1944 chiliarcho
1154 1919 1229 1943 LOP

306 2007 331 2039 1)
352 2006 531 2041 Hieronymus
544 2007 559 2033 l.
571 2007 586 2032 l.
601 2015 621 2033 c.
634 2012 667 2033 40
680 2006 721 2033 Ea
735 2008 904 2041 tempestate
915 2009 1004 2033 terrae
1016 2009 1093 2033 motu
1104 2007 1191 2034 totius
1205 2007 1278 2033 orbis
1293 2027 1298 2032 .
1310 2027 1316 2033 .
1328 2028 1333 2033 .
1347 2007 1435 2033 maria
1449 2015 1559 2041 egressa
1572 2009 1637 2033 sunt
1650 2007 1781 2033 terminos
1794 2016 1857 2034 suos

201 2060 230 2084 et
243 2057 322 2091 quasi
335 2067 441 2084 rursum
456 2058 528 2085 Deus
541 2058 679 2085 diluvium
693 2058 845 2085 minaretur
858 2059 902 2085 vel
916 2059 944 2084 iu
958 2058 1105 2092 antiquum
1125 2059 1207 2085 chaos
1219 2058 1310 2091 (fh-id.
1325 2061 1380 2084 mcc.
1395 2059 1431 2084 11
1442 2060 1502 2091 299)
1522 2059 1643 2085 redirent
1656 2058 1757 2089 omnia,
1771 2067 1856 2085 naves

203 2109 238 2136 acl
251 2112 404 2144 praerupta
418 2110 529 2137 delatae
542 2110 676 2137 montium
690 2110 890 2144 pependerunt.
920 2110 999 2140 Quod
1013 2119 1074 2136 cum
1088 2110 1214 2137 viderent
1226 2110 1432 2144 Epidauritani,
1447 2132 1452 2137 ,
1464 2131 1469 2137 .
1483 2132 1487 2137 .
1503 2110 1618 2144 ingressi
1632 2112 1697 2136 sunt
1711 2110 1746 2136 ad
1760 2119 1851 2137 senem

201 2164 230 2188 et
249 2162 329 2196 quasi
348 2162 384 2188 ad
402 2162 539 2196 praelium
559 2162 765 2196 proficiscentes
785 2164 937 2196 posuerunt
956 2171 1018 2189 eum
1037 2162 1066 2188 in
1085 2162 1189 2189 littore.
1227 2162 1279 2192 Qui
1299 2171 1361 2189 cum
1381 2162 1436 2189 tria
1458 2162 1547 2188 crucis
1565 2162 1647 2197 sigua
1669 2161 1805 2196 pinxisset
1827 2162 1856 2188 in

201 2213 300 2240 sabulo
319 2222 472 2247 manusque
491 2216 588 2241 contra
607 2214 742 2245 tenderet,
762 2213 927 2240 incredibile
946 2213 1023 2240 dictu
1037 2215 1088 2246 est,
1107 2214 1135 2240 in
1149 2216 1284 2247 quantam
1298 2213 1481 2240 altitudinem
1496 2213 1682 2239 intumescens
1700 2221 1775 2240 mare
1788 2216 1854 2240 ante

202 2274 264 2292 eum
283 2265 395 2293 steterit
413 2274 446 2293 ac
466 2265 513 2292 diu
532 2266 650 2293 fremens
669 2269 697 2293 et
716 2265 796 2299 quasi
820 2266 855 2292 ad
879 2265 986 2293 obicem
1011 2266 1162 2300 indignans
1186 2265 1324 2300 paulatim
1351 2265 1380 2291 in
1409 2266 1497 2291 semet
1525 2264 1615 2298 ipsum
1647 2265 1785 2298 relapsum
1815 2268 1857 2292 est

201 2317 227 2349 2)
251 2317 324 2343 Oria.
339 2320 396 2343 met.
416 2317 477 2343 XV
486 2321 538 2344 508
560 2326 635 2344 mare
659 2317 777 2345 surrexit
799 2318 980 2351 cumulusque
1006 2317 1125 2344 inmanis
1148 2326 1282 2351 aquarum
1308 2317 1335 2343 in
1361 2317 1464 2343 montis
1489 2316 1612 2350 speeiem
1635 2324 1757 2343 crescere
1782 2316 1856 2343 visus

200 2369 250 2401 (H.
263 2368 398 2404 Maymcs)
497 2369 523 2401 3)
546 2376 653 2395 carmen
671 2377 693 2395 v.
708 2372 851 2396 827-841
951 2370 979 2403 4)
1003 2370 1121 2402 Rufinus
1143 2369 1256 2396 historia
1278 2369 1469 2395 monachorum
1493 2376 1514 2394 c.
1533 2367 1553 2394 Ι
1573 2371 1633 2400 (391
1645 2367 1751 2402 Μῐφιε)
1776 2368 1856 2394 Hunc

201 2419 373 2454 (Iohannem)
394 2420 513 2447 vidimus
532 2421 560 2446 in
579 2420 731 2447 Thebaidis
750 2420 880 2454 partibus
898 2421 926 2447 in
946 2430 1036 2448 eremo
1056 2441 1081 2447 ..
1095 2441 1101 2447 .
1121 2421 1149 2447 in
1173 2430 1241 2455 rupe
1261 2421 1383 2454 quadam
1406 2419 1507 2446 montis
1527 2419 1606 2445 ardui
1627 2421 1855 2445 commanentem.

200 2473 336 2498 Ascensus
355 2472 390 2498 ad
410 2481 471 2499 eum
485 2471 616 2504 difficilis,
635 2472 729 2498 aditus
748 2472 911 2499 monasterii
929 2472 989 2499 eius
1008 2472 1168 2499 obstructus
1187 2475 1216 2499 et
1235 2472 1353 2503 clausus,
1373 2471 1415 2498 ita
1435 2473 1466 2498 ut
1485 2480 1502 2497 a
1521 2469 1733 2504 quadragesimo
1753 2470 1856 2497 aetatis

200 2531 266 2550 suae
281 2531 352 2549 anno
365 2532 451 2556 usque
464 2523 499 2550 ad
513 2523 723 2557 nonagesimum
741 2543 747 2550 .
762 2543 769 2550 .
783 2544 789 2550 .
808 2524 1007 2551 monasterium
1025 2524 1084 2551 eius
1097 2524 1189 2550 nullus
1203 2523 1352 2550 intraverit
1372 2543 1377 2549 .
1391 2544 1396 2549 .
1411 2543 1417 2549 .
1432 2543 1437 2550 .
1467 2523 1496 2548 In
1516 2524 1597 2548 tanta
1616 2521 1735 2555 denique
1753 2521 1855 2548 mentis

200 2574 362 2601 sinceritate
382 2574 546 2608 profecerat,
565 2576 597 2601 ut
615 2583 669 2600 non
687 2575 776 2601 solum
796 2584 902 2607 eorum,
922 2584 994 2608 quae
1013 2576 1173 2610 praesentia
1191 2578 1280 2606 erant,
1299 2574 1448 2602 scientiam
1468 2574 1682 2606 consequeretur
1699 2581 1716 2598 a
1735 2572 1855 2603 domino,

201 2634 295 2652 verum
315 2627 343 2652 et
361 2633 463 2658 eorum,
483 2633 554 2659 quae
568 2625 663 2652 futura
682 2627 768 2657 erant,
788 2626 1002 2660 praescientiam
1016 2629 1175 2654 mereretur.
1203 2626 1354 2653 Evidenter
1367 2634 1485 2659 namque
1503 2625 1528 2651 ei
1542 2623 1676 2651 Dominus
1689 2623 1854 2657 prophetiae

200 2677 323 2711 gratiam
337 2677 459 2704 contulit
545 2678 572 2710 5)
590 2677 654 2703 ibid.
673 2677 735 2709 (392
748 2678 853 2711 Miqne)
873 2678 1012 2705 Tribunus
1031 2678 1146 2712 quidam
1165 2699 1170 2705 .
1187 2698 1212 2704 ..
1234 2678 1310 2705 venit
1329 2678 1364 2704 ad
1384 2686 1446 2704 eum
1465 2678 1493 2702 et
1512 2676 1656 2702 obsecrare
1676 2683 1738 2701 eum
1752 2674 1854 2707 coepit,

200 2730 232 2754 ut
251 2728 427 2762 permitteret
446 2728 590 2763 coniugem
615 2737 692 2755 suam
712 2729 805 2756 venire
828 2729 864 2756 ad
883 2738 945 2756 eum
965 2749 991 2756 ..
1006 2750 1012 2756 .
1031 2731 1097 2756 tunc
1116 2730 1164 2757 ille
1184 2731 1277 2764 negat,
1303 2729 1358 2755 sibi
1383 2736 1513 2761 umquam
1537 2726 1620 2753 moris
1639 2726 1722 2752 fuisse
1743 2725 1854 2752 videndi

200 2779 330 2807 mulieres
349 2782 377 2806 et
397 2779 555 2814 praecipue,
575 2789 608 2806 ex
627 2789 681 2814 quo
700 2780 728 2807 in
748 2780 823 2807 illius
842 2780 919 2815 rupis
938 2789 966 2808 se
987 2781 1154 2808 monasterio
1173 2780 1355 2808 conclusisset

1598 2830 1647 2855 34*

1874 980 1927 1000 Luc.
1943 983 1974 1006 ιο,
1985 983 2010 1002 ⁴0
