<?xml version="1.0" encoding="UTF-8"?>
<!DOCTYPE html PUBLIC "-//W3C//DTD XHTML 1.0 Transitional//EN"
    "http://www.w3.org/TR/xhtml1/DTD/xhtml1-transitional.dtd">
<html xmlns="http://www.w3.org/1999/xhtml" xml:lang="en" lang="en">
 <head>
  <title>
</title>
<meta http-equiv="Content-Type" content="text/html;charset=utf-8" />
  <meta name='ocr-system' content='tesseract 3.04.00' />
  <meta name='ocr-capabilities' content='ocr_page ocr_carea ocr_par ocr_line ocrx_word'/>
</head>
<body>
  <div class='ocr_page' id='page_1' title='image "./monumentagerman15geseuoft/monumentagerman15geseuoft_0029.png"; bbox 0 0 2022 3057; ppageno 0'>
   <div class='ocr_carea' id='block_1_1' title="bbox 666 95 1799 129">
    <p class='ocr_par' dir='ltr' id='par_1_1' title="bbox 666 95 1799 129">
     <span class='ocr_line' id='line_1_1' title="bbox 666 95 1799 129; baseline 0.007 -8"><span class='ocrx_word' id='word_1_1' title='bbox 666 95 714 122; x_wconf 90' lang='lat' dir='ltr'>DE</span> <span class='ocrx_word' id='word_1_2' title='bbox 732 95 821 122; x_wconf 84' lang='lat' dir='ltr'>VITA</span> <span class='ocrx_word' id='word_1_3' title='bbox 840 95 1027 122; x_wconf 82' lang='lat' dir='ltr'>ALDHELMI</span> <span class='ocrx_word' id='word_1_4' title='bbox 1047 97 1093 124; x_wconf 78' lang='lat' dir='ltr'>ET</span> <span class='ocrx_word' id='word_1_5' title='bbox 1113 97 1280 125; x_wconf 84' lang='lat' dir='ltr'>SCRIPTIS.</span> <span class='ocrx_word' id='word_1_6' title='bbox 1708 102 1799 129; x_wconf 80' lang='lat' dir='ltr'>xxm</span> 
     </span>
    </p>
   </div>
   <div class='ocr_carea' id='block_1_2' title="bbox 136 181 1806 2763">
    <p class='ocr_par' dir='ltr' id='par_1_2' title="bbox 136 181 1802 1931">
     <span class='ocr_line' id='line_1_2' title="bbox 144 181 1801 230; baseline 0.004 -17"><span class='ocrx_word' id='word_1_7' title='bbox 144 192 237 214; x_wconf 85' lang='lat' dir='ltr'>versu</span> <span class='ocrx_word' id='word_1_8' title='bbox 258 191 356 221; x_wconf 77' lang='lat' dir='ltr'>supra</span> <span class='ocrx_word' id='word_1_9' title='bbox 380 181 477 213; x_wconf 89' lang='lat' dir='ltr'>allato</span> <span class='ocrx_word' id='word_1_10' title='bbox 499 181 584 213; x_wconf 73' lang='lat' dir='ltr'>dixit</span> <span class='ocrx_word' id='word_1_11' title='bbox 607 181 794 213; x_wconf 77' lang='lat' dir='ltr'>Aldhelmus</span> <span class='ocrx_word' id='word_1_12' title='bbox 817 192 911 221; x_wconf 81' lang='lat' dir='ltr'>quam</span> <span class='ocrx_word' id='word_1_13' title='bbox 934 183 1074 214; x_wconf 78' lang='lat' dir='ltr'>versibus</span> <span class='ocrx_word' id='word_1_14' title='bbox 1097 194 1135 215; x_wconf 78' lang='lat' dir='ltr'>ex</span> <span class='ocrx_word' id='word_1_15' title='bbox 1158 184 1300 225; x_wconf 71' lang='lat' dir='ltr'>dactylis,</span> <span class='ocrx_word' id='word_1_16' title='bbox 1327 186 1485 225; x_wconf 69' lang='lat' dir='ltr'>spondeis,</span> <span class='ocrx_word' id='word_1_17' title='bbox 1509 187 1638 218; x_wconf 57' lang='lat' dir='ltr'>{ror-levis</span> <span class='ocrx_word' id='word_1_18' title='bbox 1655 199 1714 230; x_wconf 64' lang='lat' dir='ltr'>prr</span> <span class='ocrx_word' id='word_1_19' title='bbox 1736 189 1801 220; x_wconf 79' lang='lat' dir='ltr'>cola</span> 
     </span>
     <span class='ocr_line' id='line_1_3' title="bbox 145 232 1799 278; baseline 0.005 -14"><span class='ocrx_word' id='word_1_20' title='bbox 145 236 174 264; x_wconf 87' lang='lat' dir='ltr'>et</span> <span class='ocrx_word' id='word_1_21' title='bbox 201 236 354 265; x_wconf 88' lang='lat' dir='ltr'>commata</span> <span class='ocrx_word' id='word_1_22' title='bbox 383 233 546 275; x_wconf 75' lang='lat' dir='ltr'><em>dispositis</em></span> <span class='ocrx_word' id='word_1_23' title='bbox 567 243 708 274; x_wconf 70' lang='lat' dir='ltr'>panycrc</span> <span class='ocrx_word' id='word_1_24' title='bbox 731 242 762 264; x_wconf 85' lang='lat' dir='ltr'>se</span> <span class='ocrx_word' id='word_1_25' title='bbox 785 232 858 264; x_wconf 81' lang='lat' dir='ltr'>velle</span> <span class='ocrx_word' id='word_1_26' title='bbox 882 243 1008 265; x_wconf 88' lang='lat' dir='ltr'>carmen</span> <span class='ocrx_word' id='word_1_27' title='bbox 1031 245 1143 274; x_wconf 86' lang='lat' dir='ltr'>suum;</span> <span class='ocrx_word' id='word_1_28' title='bbox 1174 236 1319 268; x_wconf 79' lang='lat' dir='ltr'>similiter</span> <span class='ocrx_word' id='word_1_29' title='bbox 1342 237 1378 268; x_wconf 88' lang='lat' dir='ltr'>dc</span> <span class='ocrx_word' id='word_1_30' title='bbox 1403 237 1556 278; x_wconf 77' lang='lat' dir='ltr'>Prospero</span> <span class='ocrx_word' id='word_1_31' title='bbox 1579 240 1621 278; x_wconf 77' lang='lat' dir='ltr'>(p.</span> <span class='ocrx_word' id='word_1_32' title='bbox 1638 243 1708 277; x_wconf 69' lang='grc'><em>319,</em></span> <span class='ocrx_word' id='word_1_33' title='bbox 1727 242 1767 271; x_wconf 85' lang='grc'>12</span> <span class='ocrx_word' id='word_1_34' title='bbox 1789 251 1799 272; x_wconf 96' lang='lat'>.·</span> 
     </span>
     <span class='ocr_line' id='line_1_4' title="bbox 144 284 1800 330; baseline 0.004 -14"><span class='ocrx_word' id='word_1_35' title='bbox 144 284 233 327; x_wconf 84' lang='lat' dir='ltr'>quod</span> <span class='ocrx_word' id='word_1_36' title='bbox 254 284 398 327; x_wconf 85' lang='lat' dir='ltr'>Prosper</span> <span class='ocrx_word' id='word_1_37' title='bbox 420 295 479 327; x_wconf 88' lang='lat' dir='ltr'>per</span> <span class='ocrx_word' id='word_1_38' title='bbox 503 284 575 317; x_wconf 81' lang='lat' dir='ltr'>oola</span> <span class='ocrx_word' id='word_1_39' title='bbox 598 287 631 317; x_wconf 86' lang='lat' dir='ltr'>et</span> <span class='ocrx_word' id='word_1_40' title='bbox 653 287 815 317; x_wconf 77' lang='lat' dir='ltr'>commata</span> <span class='ocrx_word' id='word_1_41' title='bbox 837 285 967 317; x_wconf 86' lang='lat' dir='ltr'>mellitis</span> <span class='ocrx_word' id='word_1_42' title='bbox 990 296 1139 318; x_wconf 90' lang='lat' dir='ltr'>versuum</span> <span class='ocrx_word' id='word_1_43' title='bbox 1164 288 1450 330; x_wconf 71' lang='lat' dir='ltr'>epigrammatibus</span> <span class='ocrx_word' id='word_1_44' title='bbox 1474 289 1659 330; x_wconf 80' lang='lat' dir='ltr'>indulcavit,</span> <span class='ocrx_word' id='word_1_45' title='bbox 1687 293 1800 323; x_wconf 83' lang='lat' dir='ltr'>simili-</span> 
     </span>
     <span class='ocr_line' id='line_1_5' title="bbox 144 336 1800 383; baseline 0.005 -16"><span class='ocrx_word' id='word_1_46' title='bbox 144 339 252 377; x_wconf 81' lang='lat' dir='ltr'>terque</span> <span class='ocrx_word' id='word_1_47' title='bbox 273 336 310 368; x_wconf 87' lang='lat' dir='ltr'>de</span> <span class='ocrx_word' id='word_1_48' title='bbox 333 336 460 368; x_wconf 75' lang='lat' dir='ltr'>Sedulio</span> <span class='ocrx_word' id='word_1_49' title='bbox 483 347 510 368; x_wconf 91' lang='lat' dir='ltr'>v.</span> <span class='ocrx_word' id='word_1_50' title='bbox 529 337 614 367; x_wconf 88' lang='grc'><em>1442</em></span> <span class='ocrx_word' id='word_1_51' title='bbox 642 340 677 369; x_wconf 88' lang='lat' dir='ltr'>ut</span> <span class='ocrx_word' id='word_1_52' title='bbox 703 336 865 379; x_wconf 86' lang='lat' dir='ltr'>quondam</span> <span class='ocrx_word' id='word_1_53' title='bbox 889 341 980 369; x_wconf 84' lang='lat' dir='ltr'>vates</span> <span class='ocrx_word' id='word_1_54' title='bbox 1010 339 1081 370; x_wconf 85' lang='lat' dir='ltr'>cola</span> <span class='ocrx_word' id='word_1_55' title='bbox 1109 349 1180 370; x_wconf 88' lang='lat' dir='ltr'>cum</span> <span class='ocrx_word' id='word_1_56' title='bbox 1205 345 1364 372; x_wconf 81' lang='lat' dir='ltr'>commate</span> <span class='ocrx_word' id='word_1_57' title='bbox 1389 343 1553 383; x_wconf 77' lang='lat' dir='ltr'>prompsit.</span> <span class='ocrx_word' id='word_1_58' title='bbox 1602 342 1693 382; x_wconf 72' lang='lat' dir='ltr'>Quid,</span> <span class='ocrx_word' id='word_1_59' title='bbox 1717 345 1800 383; x_wconf 81' lang='lat' dir='ltr'>quod</span> 
     </span>
     <span class='ocr_line' id='line_1_6' title="bbox 143 389 1799 433; baseline 0.004 -13"><span class='ocrx_word' id='word_1_60' title='bbox 143 398 255 420; x_wconf 85' lang='lat' dir='ltr'>versus</span> <span class='ocrx_word' id='word_1_61' title='bbox 277 391 307 420; x_wconf 89' lang='lat' dir='ltr'>et</span> <span class='ocrx_word' id='word_1_62' title='bbox 330 392 491 420; x_wconf 82' lang='lat' dir='ltr'>commata</span> <span class='ocrx_word' id='word_1_63' title='bbox 515 389 610 429; x_wconf 78' lang='lat' dir='ltr'>quasi</span> <span class='ocrx_word' id='word_1_64' title='bbox 631 398 805 430; x_wconf 76' lang='lat' dir='ltr'>synonyma</span> <span class='ocrx_word' id='word_1_65' title='bbox 828 389 996 421; x_wconf 59' lang='lat' dir='ltr'>coniuravit</span> <span class='ocrx_word' id='word_1_66' title='bbox 1018 401 1045 422; x_wconf 85' lang='lat' dir='ltr'>v.</span> <span class='ocrx_word' id='word_1_67' title='bbox 1057 390 1100 421; x_wconf 85' lang='grc'>23</span> <span class='ocrx_word' id='word_1_68' title='bbox 1123 401 1184 422; x_wconf 91' lang='lat' dir='ltr'>non</span> <span class='ocrx_word' id='word_1_69' title='bbox 1201 402 1280 433; x_wconf 87' lang='lat' dir='ltr'>rogo</span> <span class='ocrx_word' id='word_1_70' title='bbox 1297 393 1450 424; x_wconf 81' lang='lat' dir='ltr'><strong>ruricolas</strong></span> <span class='ocrx_word' id='word_1_71' title='bbox 1466 403 1574 425; x_wconf 85' lang='lat' dir='ltr'>versus</span> <span class='ocrx_word' id='word_1_72' title='bbox 1591 398 1623 425; x_wconf 88' lang='lat' dir='ltr'>et</span> <span class='ocrx_word' id='word_1_73' title='bbox 1639 399 1799 426; x_wconf 82' lang='lat' dir='ltr'>commata</span> 
     </span>
     <span class='ocr_line' id='line_1_7' title="bbox 143 439 1800 487; baseline 0.004 -16"><span class='ocrx_word' id='word_1_74' title='bbox 143 439 254 472; x_wconf 80' lang='lat' dir='ltr'>Musas</span> <span class='ocrx_word' id='word_1_75' title='bbox 276 442 305 471; x_wconf 87' lang='lat' dir='ltr'>et</span> <span class='ocrx_word' id='word_1_76' title='bbox 327 440 365 472; x_wconf 89' lang='lat' dir='ltr'>de</span> <span class='ocrx_word' id='word_1_77' title='bbox 382 440 460 472; x_wconf 88' lang='lat' dir='ltr'>XII</span> <span class='ocrx_word' id='word_1_78' title='bbox 476 441 546 471; x_wconf 85' lang='lat' dir='ltr'>aris</span> <span class='ocrx_word' id='word_1_79' title='bbox 563 440 619 472; x_wconf 91' lang='lat' dir='ltr'>IX</span> <span class='ocrx_word' id='word_1_80' title='bbox 634 443 668 472; x_wconf 89' lang='lat'>1:</span> <span class='ocrx_word' id='word_1_81' title='bbox 690 440 754 472; x_wconf 84' lang='lat' dir='ltr'>Hic</span> <span class='ocrx_word' id='word_1_82' title='bbox 777 451 905 483; x_wconf 91' lang='lat' dir='ltr'>quoque</span> <span class='ocrx_word' id='word_1_83' title='bbox 930 446 1162 474; x_wconf 84' lang='lat' dir='ltr'>commemorat</span> <span class='ocrx_word' id='word_1_84' title='bbox 1185 447 1360 475; x_wconf 83' lang='lat' dir='ltr'>metrorum</span> <span class='ocrx_word' id='word_1_85' title='bbox 1385 454 1511 476; x_wconf 83' lang='lat' dir='ltr'>comma</span> <span class='ocrx_word' id='word_1_86' title='bbox 1530 445 1724 487; x_wconf 82' lang='lat' dir='ltr'>Philippum,</span> <span class='ocrx_word' id='word_1_87' title='bbox 1747 447 1800 477; x_wconf 80' lang='lat' dir='ltr'>ubi</span> 
     </span>
     <span class='ocr_line' id='line_1_8' title="bbox 143 492 1800 536; baseline 0.002 -12"><span class='ocrx_word' id='word_1_88' title='bbox 143 496 320 525; x_wconf 86' lang='lat' dir='ltr'>metrorum</span> <span class='ocrx_word' id='word_1_89' title='bbox 344 502 471 524; x_wconf 86' lang='lat' dir='ltr'>comma</span> <span class='ocrx_word' id='word_1_90' title='bbox 494 492 577 524; x_wconf 88' lang='lat' dir='ltr'>idem</span> <span class='ocrx_word' id='word_1_91' title='bbox 598 494 682 525; x_wconf 82' lang='lat' dir='ltr'>valet</span> <span class='ocrx_word' id='word_1_92' title='bbox 705 503 742 524; x_wconf 87' lang='lat' dir='ltr'>ac</span> <span class='ocrx_word' id='word_1_93' title='bbox 765 503 885 525; x_wconf 73' lang='lat' dir='ltr'>versus</span> <span class='ocrx_word' id='word_1_94' title='bbox 930 494 1044 533; x_wconf 77' lang='lat' dir='ltr'>Itaque</span> <span class='ocrx_word' id='word_1_95' title='bbox 1067 495 1150 534; x_wconf 80' lang='lat' dir='ltr'>quod</span> <span class='ocrx_word' id='word_1_96' title='bbox 1173 495 1204 526; x_wconf 88' lang='lat' dir='ltr'>in</span> <span class='ocrx_word' id='word_1_97' title='bbox 1221 506 1322 535; x_wconf 82' lang='lat' dir='ltr'>prosa</span> <span class='ocrx_word' id='word_1_98' title='bbox 1345 496 1381 526; x_wconf 84' lang='lat' dir='ltr'>dc</span> <span class='ocrx_word' id='word_1_99' title='bbox 1402 496 1478 536; x_wconf 65' lang='lat' dir='ltr'>virg).</span> <span class='ocrx_word' id='word_1_100' title='bbox 1503 508 1526 526; x_wconf 73' lang='lat' dir='ltr'>c.</span> <span class='ocrx_word' id='word_1_101' title='bbox 1546 496 1565 527; x_wconf 91' lang='lat' dir='ltr'>I</span> <span class='ocrx_word' id='word_1_102' title='bbox 1575 496 1602 526; x_wconf 94' lang='lat' dir='ltr'><em>V</em></span> <span class='ocrx_word' id='word_1_103' title='bbox 1620 497 1713 528; x_wconf 83' lang='lat' dir='ltr'>dicit:</span> <span class='ocrx_word' id='word_1_104' title='bbox 1737 497 1800 529; x_wconf 89' lang='lat' dir='ltr'>dis-</span> 
     </span>
     <span class='ocr_line' id='line_1_9' title="bbox 144 543 1801 589; baseline 0.003 -14"><span class='ocrx_word' id='word_1_105' title='bbox 144 545 277 586; x_wconf 85' lang='lat' dir='ltr'>ciplinas</span> <span class='ocrx_word' id='word_1_106' title='bbox 300 568 307 575; x_wconf 97' lang='lat'>.</span> <span class='ocrx_word' id='word_1_107' title='bbox 326 570 333 577; x_wconf 93' lang='lat'>.</span> <span class='ocrx_word' id='word_1_108' title='bbox 357 543 495 586; x_wconf 89' lang='lat' dir='ltr'>pedibus</span> <span class='ocrx_word' id='word_1_109' title='bbox 526 545 662 586; x_wconf 87' lang='lat' dir='ltr'>poeticis</span> <span class='ocrx_word' id='word_1_110' title='bbox 693 548 865 587; x_wconf 87' lang='lat' dir='ltr'>conpactas</span> <span class='ocrx_word' id='word_1_111' title='bbox 896 555 955 587; x_wconf 91' lang='lat' dir='ltr'>per</span> <span class='ocrx_word' id='word_1_112' title='bbox 982 546 1052 577; x_wconf 88' lang='lat' dir='ltr'>cola</span> <span class='ocrx_word' id='word_1_113' title='bbox 1081 550 1113 577; x_wconf 85' lang='lat' dir='ltr'>et·</span> <span class='ocrx_word' id='word_1_114' title='bbox 1143 550 1303 578; x_wconf 89' lang='lat' dir='ltr'>commata</span> <span class='ocrx_word' id='word_1_115' title='bbox 1332 547 1393 578; x_wconf 90' lang='lat' dir='ltr'>hoc</span> <span class='ocrx_word' id='word_1_116' title='bbox 1425 550 1473 578; x_wconf 87' lang='lat' dir='ltr'>est</span> <span class='ocrx_word' id='word_1_117' title='bbox 1500 549 1744 589; x_wconf 83' lang='lat' dir='ltr'>pentimemcrin</span> <span class='ocrx_word' id='word_1_118' title='bbox 1769 552 1801 580; x_wconf 88' lang='lat' dir='ltr'>et</span> 
     </span>
     <span class='ocr_line' id='line_1_10' title="bbox 144 595 1801 640; baseline 0.002 -12"><span class='ocrx_word' id='word_1_119' title='bbox 144 596 369 638; x_wconf 83' lang='lat' dir='ltr'>eptimemerin</span> <span class='ocrx_word' id='word_1_120' title='bbox 392 595 570 637; x_wconf 83' lang='lat' dir='ltr'>diremptas</span> <span class='ocrx_word' id='word_1_121' title='bbox 593 595 760 640; x_wconf 74' lang='lat' dir='ltr'>(intelleyit</span> <span class='ocrx_word' id='word_1_122' title='bbox 782 599 866 628; x_wconf 89' lang='lat' dir='ltr'>artes</span> <span class='ocrx_word' id='word_1_123' title='bbox 889 598 1033 628; x_wconf 84' lang='lat' dir='ltr'>metricas</span> <span class='ocrx_word' id='word_1_124' title='bbox 1055 598 1195 629; x_wconf 76' lang='lat' dir='ltr'>versibus</span> <span class='ocrx_word' id='word_1_125' title='bbox 1213 599 1412 637; x_wconf 83' lang='lat' dir='ltr'>compositas)</span> <span class='ocrx_word' id='word_1_126' title='bbox 1429 599 1507 630; x_wconf 86' lang='lat' dir='ltr'>etin</span> <span class='ocrx_word' id='word_1_127' title='bbox 1523 602 1660 630; x_wconf 82' lang='lat' dir='ltr'>tractatu</span> <span class='ocrx_word' id='word_1_128' title='bbox 1677 601 1801 631; x_wconf 54' lang='lat' dir='ltr'>nu&#39;trico</span> 
     </span>
     <span class='ocr_line' id='line_1_11' title="bbox 136 647 1800 693; baseline 0.003 -15"><span class='ocrx_word' id='word_1_129' title='bbox 136 658 171 687; x_wconf 79' lang='lat' dir='ltr'>p.</span> <span class='ocrx_word' id='word_1_130' title='bbox 184 649 212 684; x_wconf 83' lang='lat'>6,</span> <span class='ocrx_word' id='word_1_131' title='bbox 226 649 339 688; x_wconf 80' lang='lat' dir='ltr'>quq.</span> <span class='ocrx_word' id='word_1_132' title='bbox 356 650 533 680; x_wconf 85' lang='lat' dir='ltr'>metrorum</span> <span class='ocrx_word' id='word_1_133' title='bbox 556 647 703 679; x_wconf 85' lang='lat' dir='ltr'>versibus</span> <span class='ocrx_word' id='word_1_134' title='bbox 719 647 939 680; x_wconf 86' lang='lat' dir='ltr'>indesinenter</span> <span class='ocrx_word' id='word_1_135' title='bbox 954 649 1130 681; x_wconf 87' lang='lat' dir='ltr'>secundum</span> <span class='ocrx_word' id='word_1_136' title='bbox 1147 651 1294 691; x_wconf 83' lang='lat' dir='ltr'>poeticae</span> <span class='ocrx_word' id='word_1_137' title='bbox 1312 650 1490 682; x_wconf 79' lang='lat' dir='ltr'>traditionis</span> <span class='ocrx_word' id='word_1_138' title='bbox 1510 651 1708 693; x_wconf 82' lang='lat' dir='ltr'>disciplinam</span> <span class='ocrx_word' id='word_1_139' title='bbox 1730 652 1800 683; x_wconf 84' lang='lat' dir='ltr'>cola</span> 
     </span>
     <span class='ocr_line' id='line_1_12' title="bbox 140 699 1799 744; baseline 0.002 -14"><span class='ocrx_word' id='word_1_140' title='bbox 140 699 193 731; x_wconf 89' lang='lat' dir='ltr'>vel</span> <span class='ocrx_word' id='word_1_141' title='bbox 223 702 385 731; x_wconf 82' lang='lat' dir='ltr'>commata</span> <span class='ocrx_word' id='word_1_142' title='bbox 413 710 470 731; x_wconf 85' lang='lat' dir='ltr'>seu</span> <span class='ocrx_word' id='word_1_143' title='bbox 499 701 758 741; x_wconf 87' lang='lat' dir='ltr'>pentememerin</span> <span class='ocrx_word' id='word_1_144' title='bbox 786 703 819 732; x_wconf 90' lang='lat' dir='ltr'>et</span> <span class='ocrx_word' id='word_1_145' title='bbox 848 701 1073 742; x_wconf 86' lang='lat' dir='ltr'>eptimemerin</span> <span class='ocrx_word' id='word_1_146' title='bbox 1098 706 1269 734; x_wconf 80' lang='lat' dir='ltr'>annectere</span> <span class='ocrx_word' id='word_1_147' title='bbox 1300 703 1477 744; x_wconf 77' lang='lat' dir='ltr'>progressis</span> <span class='ocrx_word' id='word_1_148' title='bbox 1507 702 1588 733; x_wconf 90' lang='lat' dir='ltr'>binis</span> <span class='ocrx_word' id='word_1_149' title='bbox 1618 707 1673 734; x_wconf 84' lang='lat' dir='ltr'>aut</span> <span class='ocrx_word' id='word_1_150' title='bbox 1703 705 1799 735; x_wconf 85' lang='lat' dir='ltr'>ternis</span> 
     </span>
     <span class='ocr_line' id='line_1_13' title="bbox 141 751 1801 794; baseline 0.003 -12"><span class='ocrx_word' id='word_1_151' title='bbox 141 751 279 793; x_wconf 90' lang='lat' dir='ltr'>pedibus</span> <span class='ocrx_word' id='word_1_152' title='bbox 310 761 345 783; x_wconf 85' lang='lat' dir='ltr'>se</span> <span class='ocrx_word' id='word_1_153' title='bbox 380 761 586 793; x_wconf 85' lang='lat' dir='ltr'>procurasse,</span> <span class='ocrx_word' id='word_1_154' title='bbox 621 752 702 782; x_wconf 87' lang='lat' dir='ltr'>satis</span> <span class='ocrx_word' id='word_1_155' title='bbox 734 752 856 784; x_wconf 87' lang='lat' dir='ltr'>clarum</span> <span class='ocrx_word' id='word_1_156' title='bbox 888 755 945 790; x_wconf 88' lang='lat' dir='ltr'>est,</span> <span class='ocrx_word' id='word_1_157' title='bbox 969 753 1004 784; x_wconf 86' lang='lat' dir='ltr'>in</span> <span class='ocrx_word' id='word_1_158' title='bbox 1034 756 1165 793; x_wconf 84' lang='lat' dir='ltr'>utroque</span> <span class='ocrx_word' id='word_1_159' title='bbox 1199 754 1262 786; x_wconf 93' lang='lat' dir='ltr'>loco</span> <span class='ocrx_word' id='word_1_160' title='bbox 1295 754 1398 792; x_wconf 84' lang='lat' dir='ltr'>verba,</span> <span class='ocrx_word' id='word_1_161' title='bbox 1432 765 1510 794; x_wconf 79' lang='lat' dir='ltr'>quac</span> <span class='ocrx_word' id='word_1_162' title='bbox 1538 757 1608 793; x_wconf 83' lang='lat' dir='ltr'>post</span> <span class='ocrx_word' id='word_1_163' title='bbox 1640 759 1801 787; x_wconf 85' lang='lat' dir='ltr'>commata</span> 
     </span>
     <span class='ocr_line' id='line_1_14' title="bbox 141 802 1801 844; baseline 0.002 -11"><span class='ocrx_word' id='word_1_164' title='bbox 141 802 299 844; x_wconf 64' lang='lat' dir='ltr'>leguntur,</span> <span class='ocrx_word' id='word_1_165' title='bbox 323 803 372 834; x_wconf 85' lang='lat' dir='ltr'>nil</span> <span class='ocrx_word' id='word_1_166' title='bbox 392 803 551 843; x_wconf 79' lang='lat' dir='ltr'>pertinere</span> <span class='ocrx_word' id='word_1_167' title='bbox 573 803 617 834; x_wconf 91' lang='lat' dir='ltr'>ad</span> <span class='ocrx_word' id='word_1_168' title='bbox 639 804 720 837; x_wconf 84' lang='lat' dir='ltr'>cola.</span> <span class='ocrx_word' id='word_1_169' title='bbox 751 804 805 836; x_wconf 90' lang='lat' dir='ltr'>sed</span> <span class='ocrx_word' id='word_1_170' title='bbox 827 804 870 835; x_wconf 91' lang='lat' dir='ltr'>ad</span> <span class='ocrx_word' id='word_1_171' title='bbox 891 804 958 836; x_wconf 86' lang='lat' dir='ltr'>sola</span> <span class='ocrx_word' id='word_1_172' title='bbox 982 809 1155 839; x_wconf 84' lang='lat' dir='ltr'>commata.</span> <span class='ocrx_word' id='word_1_173' title='bbox 1200 805 1275 837; x_wconf 82' lang='lat' dir='ltr'>Alio</span> <span class='ocrx_word' id='word_1_174' title='bbox 1298 808 1402 837; x_wconf 83' lang='lat' dir='ltr'>autem</span> <span class='ocrx_word' id='word_1_175' title='bbox 1426 815 1519 837; x_wconf 78' lang='lat' dir='ltr'>sensu</span> <span class='ocrx_word' id='word_1_176' title='bbox 1542 806 1688 838; x_wconf 74' lang='lat' dir='ltr'>vocabula</span> <span class='ocrx_word' id='word_1_177' title='bbox 1710 807 1801 838; x_wconf 79' lang='lat' dir='ltr'>adhi-</span> 
     </span>
     <span class='ocr_line' id='line_1_15' title="bbox 143 854 1798 897; baseline 0.002 -11"><span class='ocrx_word' id='word_1_178' title='bbox 143 854 210 886; x_wconf 86' lang='lat' dir='ltr'>buit</span> <span class='ocrx_word' id='word_1_179' title='bbox 239 855 274 886; x_wconf 85' lang='lat' dir='ltr'>in</span> <span class='ocrx_word' id='word_1_180' title='bbox 299 865 396 894; x_wconf 83' lang='lat' dir='ltr'>prosa</span> <span class='ocrx_word' id='word_1_181' title='bbox 419 855 455 885; x_wconf 90' lang='lat' dir='ltr'>dc</span> <span class='ocrx_word' id='word_1_182' title='bbox 477 855 554 895; x_wconf 72' lang='lat' dir='ltr'>virg).</span> <span class='ocrx_word' id='word_1_183' title='bbox 579 865 603 886; x_wconf 88' lang='lat' dir='ltr'>c.</span> <span class='ocrx_word' id='word_1_184' title='bbox 623 854 772 893; x_wconf 87' lang='lat' dir='ltr'>XXXII,</span> <span class='ocrx_word' id='word_1_185' title='bbox 803 855 859 886; x_wconf 86' lang='lat' dir='ltr'>ubi</span> <span class='ocrx_word' id='word_1_186' title='bbox 881 854 1103 887; x_wconf 74' lang='lat' dir='ltr'>Alexandrum</span> <span class='ocrx_word' id='word_1_187' title='bbox 1122 857 1300 897; x_wconf 76' lang='lat' dir='ltr'>pontificem</span> <span class='ocrx_word' id='word_1_188' title='bbox 1324 856 1445 894; x_wconf 64' lang='lat' dir='ltr'>laudm,</span> <span class='ocrx_word' id='word_1_189' title='bbox 1475 857 1557 897; x_wconf 79' lang='lat' dir='ltr'>qnod</span> <span class='ocrx_word' id='word_1_190' title='bbox 1578 868 1598 889; x_wconf 88' lang='lat' dir='ltr'>a</span> <span class='ocrx_word' id='word_1_191' title='bbox 1619 858 1724 897; x_wconf 85' lang='lat' dir='ltr'>prima</span> <span class='ocrx_word' id='word_1_192' title='bbox 1747 858 1798 889; x_wconf 86' lang='lat' dir='ltr'>iu-</span> 
     </span>
     <span class='ocr_line' id='line_1_16' title="bbox 143 907 1800 951; baseline 0.002 -14"><span class='ocrx_word' id='word_1_193' title='bbox 143 909 267 938; x_wconf 83' lang='lat' dir='ltr'>ventute</span> <span class='ocrx_word' id='word_1_194' title='bbox 294 907 430 947; x_wconf 62' lang='lat' dir='ltr'>insignis</span> <span class='ocrx_word' id='word_1_195' title='bbox 456 907 562 945; x_wconf 85' lang='lat' dir='ltr'>factus</span> <span class='ocrx_word' id='word_1_196' title='bbox 588 907 631 938; x_wconf 85' lang='lat' dir='ltr'>sit</span> <span class='ocrx_word' id='word_1_197' title='bbox 659 911 726 938; x_wconf 85' lang='lat' dir='ltr'>tam</span> <span class='ocrx_word' id='word_1_198' title='bbox 757 908 954 939; x_wconf 86' lang='lat' dir='ltr'>notariorum</span> <span class='ocrx_word' id='word_1_199' title='bbox 985 907 1190 940; x_wconf 78' lang='lat' dir='ltr'>characteres</span> <span class='ocrx_word' id='word_1_200' title='bbox 1218 919 1313 950; x_wconf 87' lang='lat' dir='ltr'>quam</span> <span class='ocrx_word' id='word_1_201' title='bbox 1343 910 1626 950; x_wconf 85' lang='lat' dir='ltr'>grammaticorum</span> <span class='ocrx_word' id='word_1_202' title='bbox 1650 909 1800 951; x_wconf 88' lang='lat' dir='ltr'>periodos</span> 
     </span>
     <span class='ocr_line' id='line_1_17' title="bbox 144 958 1800 1001; baseline 0.002 -12"><span class='ocrx_word' id='word_1_203' title='bbox 144 958 216 989; x_wconf 91' lang='lat' dir='ltr'>colo</span> <span class='ocrx_word' id='word_1_204' title='bbox 249 961 282 990; x_wconf 88' lang='lat' dir='ltr'>et</span> <span class='ocrx_word' id='word_1_205' title='bbox 314 961 473 990; x_wconf 85' lang='lat' dir='ltr'>commate</span> <span class='ocrx_word' id='word_1_206' title='bbox 506 959 733 1000; x_wconf 82' lang='lat' dir='ltr'>sequestratim</span> <span class='ocrx_word' id='word_1_207' title='bbox 767 959 934 990; x_wconf 87' lang='lat' dir='ltr'>distinctas</span> <span class='ocrx_word' id='word_1_208' title='bbox 965 959 1139 991; x_wconf 84' lang='lat' dir='ltr'>affabiliter</span> <span class='ocrx_word' id='word_1_209' title='bbox 1169 959 1371 991; x_wconf 85' lang='lat' dir='ltr'>instruendo:</span> <span class='ocrx_word' id='word_1_210' title='bbox 1407 962 1518 1001; x_wconf 77' lang='lat' dir='ltr'>quippe</span> <span class='ocrx_word' id='word_1_211' title='bbox 1553 961 1604 991; x_wconf 77' lang='lat' dir='ltr'>liic</span> <span class='ocrx_word' id='word_1_212' title='bbox 1637 961 1673 991; x_wconf 89' lang='lat' dir='ltr'>dc</span> <span class='ocrx_word' id='word_1_213' title='bbox 1702 971 1800 1000; x_wconf 79' lang='lat' dir='ltr'>prosa</span> 
     </span>
     <span class='ocr_line' id='line_1_18' title="bbox 142 1010 1800 1051; baseline 0.002 -11"><span class='ocrx_word' id='word_1_214' title='bbox 142 1010 263 1050; x_wconf 70' lang='lat' dir='ltr'>agitur,</span> <span class='ocrx_word' id='word_1_215' title='bbox 291 1010 382 1041; x_wconf 85' lang='lat' dir='ltr'>cuius</span> <span class='ocrx_word' id='word_1_216' title='bbox 405 1012 600 1041; x_wconf 70' lang='lat' dir='ltr'>structuram</span> <span class='ocrx_word' id='word_1_217' title='bbox 624 1011 830 1049; x_wconf 63' lang='lat' dir='ltr'>artificiosam</span> <span class='ocrx_word' id='word_1_218' title='bbox 851 1011 1052 1051; x_wconf 74' lang='lat' dir='ltr'>yrammatici</span> <span class='ocrx_word' id='word_1_219' title='bbox 1079 1011 1244 1049; x_wconf 86' lang='lat' dir='ltr'>docebant,</span> <span class='ocrx_word' id='word_1_220' title='bbox 1275 1014 1311 1048; x_wconf 73' lang='lat' dir='ltr'>et,</span> <span class='ocrx_word' id='word_1_221' title='bbox 1336 1014 1370 1041; x_wconf 81' lang='lat' dir='ltr'>ut</span> <span class='ocrx_word' id='word_1_222' title='bbox 1394 1011 1555 1042; x_wconf 78' lang='lat' dir='ltr'>Sedulium</span> <span class='ocrx_word' id='word_1_223' title='bbox 1579 1014 1701 1051; x_wconf 84' lang='lat' dir='ltr'>poetam</span> <span class='ocrx_word' id='word_1_224' title='bbox 1729 1012 1800 1044; x_wconf 87' lang='lat' dir='ltr'>cola</span> 
     </span>
     <span class='ocr_line' id='line_1_19' title="bbox 143 1061 1800 1103; baseline 0.001 -11"><span class='ocrx_word' id='word_1_225' title='bbox 143 1071 215 1093; x_wconf 84' lang='lat' dir='ltr'>cum</span> <span class='ocrx_word' id='word_1_226' title='bbox 249 1064 408 1093; x_wconf 86' lang='lat' dir='ltr'>commate</span> <span class='ocrx_word' id='word_1_227' title='bbox 438 1062 601 1101; x_wconf 76' lang='lat' dir='ltr'>scripsisse</span> <span class='ocrx_word' id='word_1_228' title='bbox 623 1061 707 1093; x_wconf 73' lang='lat' dir='ltr'>dioeit</span> <span class='ocrx_word' id='word_1_229' title='bbox 730 1061 930 1099; x_wconf 77' lang='lat' dir='ltr'>Aldlielmus,</span> <span class='ocrx_word' id='word_1_230' title='bbox 962 1062 1010 1093; x_wconf 89' lang='lat' dir='ltr'>ita</span> <span class='ocrx_word' id='word_1_231' title='bbox 1040 1072 1136 1093; x_wconf 86' lang='lat' dir='ltr'>carm.</span> <span class='ocrx_word' id='word_1_232' title='bbox 1161 1063 1198 1094; x_wconf 90' lang='lat' dir='ltr'>dc</span> <span class='ocrx_word' id='word_1_233' title='bbox 1223 1063 1297 1103; x_wconf 64' lang='lat' dir='ltr'>cira.</span> <span class='ocrx_word' id='word_1_234' title='bbox 1322 1073 1348 1094; x_wconf 83' lang='lat' dir='ltr'>v.</span> <span class='ocrx_word' id='word_1_235' title='bbox 1366 1064 1452 1093; x_wconf 70' lang='grc'><em>2188</em></span> <span class='ocrx_word' id='word_1_236' title='bbox 1474 1063 1550 1094; x_wconf 70' lang='lat' dir='ltr'>dicit</span> <span class='ocrx_word' id='word_1_237' title='bbox 1573 1063 1800 1103; x_wconf 66' lang='lat' dir='ltr'>Hieronymum</span> 
     </span>
     <span class='ocr_line' id='line_1_20' title="bbox 143 1112 1802 1155; baseline 0.001 -11"><span class='ocrx_word' id='word_1_238' title='bbox 143 1112 358 1144; x_wconf 77' lang='lat' dir='ltr'>Demetriadis</span> <span class='ocrx_word' id='word_1_239' title='bbox 379 1113 527 1144; x_wconf 78' lang='lat' dir='ltr'>eximiam</span> <span class='ocrx_word' id='word_1_240' title='bbox 550 1113 647 1144; x_wconf 81' lang='lat' dir='ltr'>vitam</span> <span class='ocrx_word' id='word_1_241' title='bbox 663 1114 826 1155; x_wconf 79' lang='lat' dir='ltr'>scripsisse</span> <span class='ocrx_word' id='word_1_242' title='bbox 842 1116 1004 1145; x_wconf 86' lang='lat' dir='ltr'>commate</span> <span class='ocrx_word' id='word_1_243' title='bbox 1028 1115 1049 1145; x_wconf 83' lang='lat' dir='ltr'>i.</span> <span class='ocrx_word' id='word_1_244' title='bbox 1067 1125 1090 1145; x_wconf 90' lang='lat' dir='ltr'>e.</span> <span class='ocrx_word' id='word_1_245' title='bbox 1112 1124 1209 1154; x_wconf 78' lang='lat' dir='ltr'>prosa</span> <span class='ocrx_word' id='word_1_246' title='bbox 1225 1115 1394 1154; x_wconf 78' lang='lat' dir='ltr'>artificiose</span> <span class='ocrx_word' id='word_1_247' title='bbox 1410 1115 1584 1153; x_wconf 85' lang='lat' dir='ltr'>composita.</span> <span class='ocrx_word' id='word_1_248' title='bbox 1617 1115 1802 1154; x_wconf 75' lang='lat' dir='ltr'>Artificiosa</span> 
     </span>
     <span class='ocr_line' id='line_1_21' title="bbox 142 1164 1800 1206; baseline 0 -10"><span class='ocrx_word' id='word_1_249' title='bbox 142 1167 248 1196; x_wconf 85' lang='lat' dir='ltr'>autem</span> <span class='ocrx_word' id='word_1_250' title='bbox 275 1165 352 1196; x_wconf 76' lang='lat' dir='ltr'>haec</span> <span class='ocrx_word' id='word_1_251' title='bbox 377 1165 541 1206; x_wconf 70' lang='lat' dir='ltr'>dispositio</span> <span class='ocrx_word' id='word_1_252' title='bbox 566 1165 599 1196; x_wconf 90' lang='lat' dir='ltr'>in</span> <span class='ocrx_word' id='word_1_253' title='bbox 616 1165 734 1204; x_wconf 83' lang='lat' dir='ltr'>primis</span> <span class='ocrx_word' id='word_1_254' title='bbox 757 1165 791 1196; x_wconf 88' lang='lat' dir='ltr'>in</span> <span class='ocrx_word' id='word_1_255' title='bbox 815 1164 968 1196; x_wconf 77' lang='lat' dir='ltr'>clausulis</span> <span class='ocrx_word' id='word_1_256' title='bbox 990 1165 1189 1204; x_wconf 77' lang='lat' dir='ltr'>cernebatur,</span> <span class='ocrx_word' id='word_1_257' title='bbox 1219 1176 1314 1206; x_wconf 79' lang='lat' dir='ltr'>quam</span> <span class='ocrx_word' id='word_1_258' title='bbox 1337 1166 1403 1205; x_wconf 85' lang='lat' dir='ltr'>ipse</span> <span class='ocrx_word' id='word_1_259' title='bbox 1426 1165 1610 1197; x_wconf 76' lang='lat' dir='ltr'>Aldlielmus</span> <span class='ocrx_word' id='word_1_260' title='bbox 1633 1167 1728 1196; x_wconf 90' lang='lat' dir='ltr'>totam</span> <span class='ocrx_word' id='word_1_261' title='bbox 1750 1176 1800 1196; x_wconf 88' lang='lat' dir='ltr'>ac-</span> 
     </span>
     <span class='ocr_line' id='line_1_22' title="bbox 143 1216 1800 1257; baseline 0 -9"><span class='ocrx_word' id='word_1_262' title='bbox 143 1219 247 1255; x_wconf 82' lang='lat' dir='ltr'>centu,</span> <span class='ocrx_word' id='word_1_263' title='bbox 274 1226 338 1248; x_wconf 84' lang='lat' dir='ltr'>non</span> <span class='ocrx_word' id='word_1_264' title='bbox 368 1217 546 1256; x_wconf 79' lang='lat' dir='ltr'>quantitate</span> <span class='ocrx_word' id='word_1_265' title='bbox 575 1217 752 1248; x_wconf 76' lang='lat' dir='ltr'>condidisse</span> <span class='ocrx_word' id='word_1_266' title='bbox 771 1218 875 1256; x_wconf 84' lang='lat' dir='ltr'>primo</span> <span class='ocrx_word' id='word_1_267' title='bbox 896 1217 1006 1247; x_wconf 86' lang='lat' dir='ltr'>statim</span> <span class='ocrx_word' id='word_1_268' title='bbox 1027 1217 1200 1248; x_wconf 87' lang='lat' dir='ltr'>sententiae</span> <span class='ocrx_word' id='word_1_269' title='bbox 1221 1217 1284 1256; x_wconf 78' lang='lat' dir='ltr'>fine</span> <span class='ocrx_word' id='word_1_270' title='bbox 1307 1218 1469 1255; x_wconf 81' lang='lat' dir='ltr'>indicavit,</span> <span class='ocrx_word' id='word_1_271' title='bbox 1500 1227 1560 1257; x_wconf 80' lang='lat' dir='ltr'>quo</span> <span class='ocrx_word' id='word_1_272' title='bbox 1580 1216 1740 1257; x_wconf 77' lang='lat' dir='ltr'>proloyum</span> <span class='ocrx_word' id='word_1_273' title='bbox 1764 1218 1800 1248; x_wconf 86' lang='lat' dir='ltr'>dc</span> 
     </span>
     <span class='ocr_line' id='line_1_23' title="bbox 142 1268 1801 1314; baseline 0.001 -15"><span class='ocrx_word' id='word_1_274' title='bbox 142 1268 323 1308; x_wconf 77' lang='lat' dir='ltr'>viryinitate</span> <span class='ocrx_word' id='word_1_275' title='bbox 345 1268 512 1300; x_wconf 77' lang='lat' dir='ltr'>conclusit:</span> <span class='ocrx_word' id='word_1_276' title='bbox 543 1269 708 1310; x_wconf 84' lang='lat' dir='ltr'>sospitatis</span> <span class='ocrx_word' id='word_1_277' title='bbox 731 1269 882 1300; x_wconf 84' lang='lat' dir='ltr'>salutem:</span> <span class='ocrx_word' id='word_1_278' title='bbox 910 1276 926 1293; x_wconf 89' lang='lat'>-&#39;</span> <span class='ocrx_word' id='word_1_279' title='bbox 941 1268 1027 1311; x_wconf 66' lang='lat'>—1--1</span> <span class='ocrx_word' id='word_1_280' title='bbox 1048 1288 1073 1300; x_wconf 76' lang='lat'>-.</span> <span class='ocrx_word' id='word_1_281' title='bbox 1119 1269 1185 1300; x_wconf 87' lang='lat' dir='ltr'>Nec</span> <span class='ocrx_word' id='word_1_282' title='bbox 1212 1269 1374 1300; x_wconf 78' lang='lat' dir='ltr'>clausulas</span> <span class='ocrx_word' id='word_1_283' title='bbox 1400 1279 1475 1314; x_wconf 79' lang='lat' dir='ltr'>suas</span> <span class='ocrx_word' id='word_1_284' title='bbox 1497 1270 1585 1300; x_wconf 49' lang='lat' dir='ltr'>‘intra</span> <span class='ocrx_word' id='word_1_285' title='bbox 1607 1278 1659 1299; x_wconf 86' lang='lat' dir='ltr'>cas</span> <span class='ocrx_word' id='word_1_286' title='bbox 1681 1270 1801 1307; x_wconf 81' lang='lat' dir='ltr'>formas</span> 
     </span>
     <span class='ocr_line' id='line_1_24' title="bbox 143 1320 1801 1362; baseline 0.001 -12"><span class='ocrx_word' id='word_1_287' title='bbox 143 1320 310 1358; x_wconf 74' lang='lat' dir='ltr'>continuit,</span> <span class='ocrx_word' id='word_1_288' title='bbox 340 1330 420 1361; x_wconf 86' lang='lat' dir='ltr'>quas</span> <span class='ocrx_word' id='word_1_289' title='bbox 442 1320 500 1361; x_wconf 78' lang='lat' dir='ltr'>(cf.</span> <span class='ocrx_word' id='word_1_290' title='bbox 522 1321 571 1353; x_wconf 88' lang='lat' dir='ltr'>W.</span> <span class='ocrx_word' id='word_1_291' title='bbox 588 1320 709 1361; x_wconf 68' lang='lat' dir='ltr'>Meyer,</span> <span class='ocrx_word' id='word_1_292' title='bbox 737 1320 808 1352; x_wconf 81' lang='lat' dir='ltr'>Ges.</span> <span class='ocrx_word' id='word_1_293' title='bbox 833 1321 915 1352; x_wconf 81' lang='lat' dir='ltr'>Abh.</span> <span class='ocrx_word' id='word_1_294' title='bbox 932 1321 975 1352; x_wconf 88' lang='lat' dir='ltr'>II</span> <span class='ocrx_word' id='word_1_295' title='bbox 990 1322 1055 1352; x_wconf 82' lang='lat'>266</span> <span class='ocrx_word' id='word_1_296' title='bbox 1064 1322 1146 1362; x_wconf 84' lang='lat' dir='ltr'>sqq.)</span> <span class='ocrx_word' id='word_1_297' title='bbox 1168 1321 1264 1352; x_wconf 84' lang='lat' dir='ltr'>medii</span> <span class='ocrx_word' id='word_1_298' title='bbox 1290 1321 1359 1352; x_wconf 85' lang='lat' dir='ltr'>aevi</span> <span class='ocrx_word' id='word_1_299' title='bbox 1386 1321 1554 1352; x_wconf 77' lang='lat' dir='ltr'>dictatores</span> <span class='ocrx_word' id='word_1_300' title='bbox 1570 1323 1682 1360; x_wconf 79' lang='lat' dir='ltr'>postca</span> <span class='ocrx_word' id='word_1_301' title='bbox 1703 1321 1801 1352; x_wconf 84' lang='lat' dir='ltr'>secuti</span> 
     </span>
     <span class='ocr_line' id='line_1_25' title="bbox 142 1372 1801 1415; baseline 0.001 -12"><span class='ocrx_word' id='word_1_302' title='bbox 142 1375 233 1413; x_wconf 83' lang='lat' dir='ltr'>sunt,·</span> <span class='ocrx_word' id='word_1_303' title='bbox 260 1382 335 1404; x_wconf 85' lang='lat' dir='ltr'>nam</span> <span class='ocrx_word' id='word_1_304' title='bbox 358 1373 482 1404; x_wconf 83' lang='lat' dir='ltr'>etiamsi</span> <span class='ocrx_word' id='word_1_305' title='bbox 505 1382 634 1404; x_wconf 85' lang='lat' dir='ltr'>cursum</span> <span class='ocrx_word' id='word_1_306' title='bbox 651 1372 786 1414; x_wconf 87' lang='lat' dir='ltr'>planum</span> <span class='ocrx_word' id='word_1_307' title='bbox 808 1374 839 1414; x_wconf 62' lang='lat' dir='ltr'>(b</span> <span class='ocrx_word' id='word_1_308' title='bbox 852 1389 866 1398; x_wconf 67' lang='grc' dir='ltr'>ι·</span> <span class='ocrx_word' id='word_1_309' title='bbox 881 1372 885 1415; x_wconf 89' lang='grc' dir='ltr'>Ι</span> <span class='ocrx_word' id='word_1_310' title='bbox 899 1389 914 1398; x_wconf 84' lang='lat'>-</span> <span class='ocrx_word' id='word_1_311' title='bbox 925 1380 940 1398; x_wconf 74' lang='lat'>—&#39;</span> <span class='ocrx_word' id='word_1_312' title='bbox 954 1374 993 1411; x_wconf 85' lang='lat'>-),</span> <span class='ocrx_word' id='word_1_313' title='bbox 1017 1373 1145 1405; x_wconf 87' lang='lat' dir='ltr'>tardum</span> <span class='ocrx_word' id='word_1_314' title='bbox 1169 1374 1200 1411; x_wconf 66' lang='lat'>(³-</span> <span class='ocrx_word' id='word_1_315' title='bbox 1215 1389 1229 1396; x_wconf 90' lang='lat'><em>-</em></span> <span class='ocrx_word' id='word_1_316' title='bbox 1244 1373 1248 1415; x_wconf 75' lang='grc' dir='ltr'>Ι</span> <span class='ocrx_word' id='word_1_317' title='bbox 1265 1389 1280 1396; x_wconf 83' lang='lat'><em>—</em></span> <span class='ocrx_word' id='word_1_318' title='bbox 1294 1380 1308 1398; x_wconf 57' lang='grc' dir='ltr'>ι’</span> <span class='ocrx_word' id='word_1_319' title='bbox 1321 1389 1336 1398; x_wconf 81' lang='grc' dir='ltr'><strong><em>υ</em></strong></span> <span class='ocrx_word' id='word_1_320' title='bbox 1347 1374 1386 1413; x_wconf 81' lang='lat'>-),</span> <span class='ocrx_word' id='word_1_321' title='bbox 1418 1373 1547 1404; x_wconf 83' lang='lat' dir='ltr'>velocem</span> <span class='ocrx_word' id='word_1_322' title='bbox 1570 1376 1600 1412; x_wconf 88' lang='lat'>(-&#39;</span> <span class='ocrx_word' id='word_1_323' title='bbox 1612 1389 1626 1396; x_wconf 86' lang='lat'>-</span> <span class='ocrx_word' id='word_1_324' title='bbox 1643 1389 1656 1397; x_wconf 86' lang='lat'><em>-</em></span> <span class='ocrx_word' id='word_1_325' title='bbox 1675 1373 1678 1414; x_wconf 80' lang='grc' dir='ltr'>Ι</span> <span class='ocrx_word' id='word_1_326' title='bbox 1693 1390 1706 1398; x_wconf 85' lang='lat'>·-</span> <span class='ocrx_word' id='word_1_327' title='bbox 1718 1389 1732 1397; x_wconf 85' lang='lat'><em>-</em></span> <span class='ocrx_word' id='word_1_328' title='bbox 1743 1380 1759 1392; x_wconf 77' lang='lat'>-‘</span> <span class='ocrx_word' id='word_1_329' title='bbox 1771 1374 1801 1413; x_wconf 58' lang='grc' dir='ltr'>υ)</span> 
     </span>
     <span class='ocr_line' id='line_1_26' title="bbox 145 1424 1799 1465; baseline 0 -10"><span class='ocrx_word' id='word_1_330' title='bbox 145 1424 211 1465; x_wconf 84' lang='lat' dir='ltr'>ipse</span> <span class='ocrx_word' id='word_1_331' title='bbox 240 1425 327 1464; x_wconf 67' lang='lat' dir='ltr'>lonae</span> <span class='ocrx_word' id='word_1_332' title='bbox 355 1424 539 1464; x_wconf 80' lang='lat' dir='ltr'>saepissime</span> <span class='ocrx_word' id='word_1_333' title='bbox 565 1424 703 1463; x_wconf 78' lang='lat' dir='ltr'>adhibet,</span> <span class='ocrx_word' id='word_1_334' title='bbox 735 1427 839 1456; x_wconf 89' lang='lat' dir='ltr'>tamen</span> <span class='ocrx_word' id='word_1_335' title='bbox 861 1435 901 1456; x_wconf 88' lang='lat' dir='ltr'>ne</span> <span class='ocrx_word' id='word_1_336' title='bbox 923 1424 1122 1458; x_wconf 82' lang='lat' dir='ltr'>liberioribus</span> <span class='ocrx_word' id='word_1_337' title='bbox 1143 1425 1267 1465; x_wconf 81' lang='lat' dir='ltr'>quidem</span> <span class='ocrx_word' id='word_1_338' title='bbox 1291 1425 1479 1464; x_wconf 81' lang='lat' dir='ltr'>quibusdam</span> <span class='ocrx_word' id='word_1_339' title='bbox 1503 1426 1614 1463; x_wconf 85' lang='lat' dir='ltr'>formis</span> <span class='ocrx_word' id='word_1_340' title='bbox 1636 1425 1799 1462; x_wconf 77' lang='lat' dir='ltr'>abstinuit,</span> 
     </span>
     <span class='ocr_line' id='line_1_27' title="bbox 143 1475 1797 1519; baseline 0.001 -13"><span class='ocrx_word' id='word_1_341' title='bbox 143 1485 224 1515; x_wconf 78' lang='lat' dir='ltr'>quae</span> <span class='ocrx_word' id='word_1_342' title='bbox 246 1475 292 1507; x_wconf 89' lang='lat' dir='ltr'>ad</span> <span class='ocrx_word' id='word_1_343' title='bbox 303 1475 395 1508; x_wconf 77' lang='lat' dir='ltr'>hasce</span> <span class='ocrx_word' id='word_1_344' title='bbox 416 1476 605 1517; x_wconf 72' lang='lat' dir='ltr'>rediyendae</span> <span class='ocrx_word' id='word_1_345' title='bbox 619 1479 696 1507; x_wconf 87' lang='lat' dir='ltr'>sunt</span> <span class='ocrx_word' id='word_1_346' title='bbox 711 1477 851 1508; x_wconf 88' lang='lat' dir='ltr'>rationes</span> <span class='ocrx_word' id='word_1_347' title='bbox 867 1479 896 1508; x_wconf 88' lang='lat'>1.</span> <span class='ocrx_word' id='word_1_348' title='bbox 915 1484 930 1502; x_wconf 80' lang='lat'>¹-</span> <span class='ocrx_word' id='word_1_349' title='bbox 944 1493 958 1502; x_wconf 74' lang='grc' dir='ltr'><strong>υ</strong></span> <span class='ocrx_word' id='word_1_350' title='bbox 971 1492 986 1500; x_wconf 75' lang='lat'><em>—</em></span> <span class='ocrx_word' id='word_1_351' title='bbox 1004 1477 1055 1519; x_wconf 53' lang='grc' dir='ltr'>με</span> <span class='ocrx_word' id='word_1_352' title='bbox 1067 1499 1082 1505; x_wconf 76' lang='grc'>-</span> <span class='ocrx_word' id='word_1_353' title='bbox 1099 1477 1220 1519; x_wconf 75' lang='lat' dir='ltr'>(specie</span> <span class='ocrx_word' id='word_1_354' title='bbox 1238 1476 1441 1519; x_wconf 76' lang='lat' dir='ltr'>splendescit,</span> <span class='ocrx_word' id='word_1_355' title='bbox 1466 1476 1608 1518; x_wconf 77' lang='lat' dir='ltr'>pondere</span> <span class='ocrx_word' id='word_1_356' title='bbox 1633 1477 1797 1518; x_wconf 74' lang='lat' dir='ltr'>eoguntur,</span> 
     </span>
     <span class='ocr_line' id='line_1_28' title="bbox 143 1527 1800 1571; baseline -0.001 -12"><span class='ocrx_word' id='word_1_357' title='bbox 143 1527 253 1559; x_wconf 81' lang='lat' dir='ltr'>rivulis</span> <span class='ocrx_word' id='word_1_358' title='bbox 275 1528 433 1569; x_wconf 78' lang='lat' dir='ltr'>sacratur)</span> <span class='ocrx_word' id='word_1_359' title='bbox 455 1529 486 1559; x_wconf 89' lang='grc'>2.</span> <span class='ocrx_word' id='word_1_360' title='bbox 511 1535 525 1552; x_wconf 61' lang='lat' dir='ltr'><em>b</em></span> <span class='ocrx_word' id='word_1_361' title='bbox 539 1544 554 1553; x_wconf 77' lang='grc' dir='ltr'><strong>υ</strong></span> <span class='ocrx_word' id='word_1_362' title='bbox 569 1527 631 1570; x_wconf 72' lang='lat'>-1-</span> <span class='ocrx_word' id='word_1_363' title='bbox 648 1535 664 1554; x_wconf 51' lang='grc' dir='ltr'>ι’</span> <span class='ocrx_word' id='word_1_364' title='bbox 679 1543 693 1552; x_wconf 75' lang='grc' dir='ltr'><strong><em>υ</em></strong></span> <span class='ocrx_word' id='word_1_365' title='bbox 707 1545 723 1553; x_wconf 55' lang='lat'><strong>⁴</strong></span> <span class='ocrx_word' id='word_1_366' title='bbox 747 1528 932 1570; x_wconf 86' lang='lat' dir='ltr'>(infeliciter</span> <span class='ocrx_word' id='word_1_367' title='bbox 954 1529 1165 1570; x_wconf 77' lang='lat' dir='ltr'>fraudabitur,</span> <span class='ocrx_word' id='word_1_368' title='bbox 1195 1527 1474 1571; x_wconf 81' lang='lat' dir='ltr'>praesagmtnibus</span> <span class='ocrx_word' id='word_1_369' title='bbox 1501 1528 1721 1569; x_wconf 76' lang='lat' dir='ltr'>portenderat)</span> <span class='ocrx_word' id='word_1_370' title='bbox 1751 1531 1800 1560; x_wconf 86' lang='lat' dir='ltr'>at-</span> 
     </span>
     <span class='ocr_line' id='line_1_29' title="bbox 142 1579 1799 1620; baseline 0.001 -10"><span class='ocrx_word' id='word_1_371' title='bbox 142 1590 201 1619; x_wconf 78' lang='lat' dir='ltr'>que</span> <span class='ocrx_word' id='word_1_372' title='bbox 223 1580 301 1611; x_wconf 87' lang='lat' dir='ltr'>adeo</span> <span class='ocrx_word' id='word_1_373' title='bbox 322 1579 367 1611; x_wconf 88' lang='lat' dir='ltr'>ad</span> <span class='ocrx_word' id='word_1_374' title='bbox 388 1579 563 1611; x_wconf 84' lang='lat' dir='ltr'>clausulam</span> <span class='ocrx_word' id='word_1_375' title='bbox 585 1580 679 1620; x_wconf 79' lang='lat' dir='ltr'>quasi</span> <span class='ocrx_word' id='word_1_376' title='bbox 701 1580 929 1611; x_wconf 76' lang='lat' dir='ltr'>ditrockaicam</span> <span class='ocrx_word' id='word_1_377' title='bbox 951 1581 1102 1612; x_wconf 84' lang='lat' dir='ltr'>recurrit:</span> <span class='ocrx_word' id='word_1_378' title='bbox 1125 1580 1313 1612; x_wconf 81' lang='lat' dir='ltr'>reformavit</span> <span class='ocrx_word' id='word_1_379' title='bbox 1331 1580 1460 1619; x_wconf 66' lang='lat' dir='ltr'>statum,</span> <span class='ocrx_word' id='word_1_380' title='bbox 1486 1580 1605 1611; x_wconf 84' lang='lat' dir='ltr'>erudiri</span> <span class='ocrx_word' id='word_1_381' title='bbox 1625 1580 1710 1619; x_wconf 80' lang='lat' dir='ltr'>fecit,</span> <span class='ocrx_word' id='word_1_382' title='bbox 1732 1590 1799 1611; x_wconf 86' lang='lat' dir='ltr'>ser-</span> 
     </span>
     <span class='ocr_line' id='line_1_30' title="bbox 142 1631 1801 1672; baseline -0.001 -9"><span class='ocrx_word' id='word_1_383' title='bbox 142 1631 239 1663; x_wconf 80' lang='lat' dir='ltr'>mone</span> <span class='ocrx_word' id='word_1_384' title='bbox 258 1631 358 1663; x_wconf 76' lang='lat' dir='ltr'>suasit</span> <span class='ocrx_word' id='word_1_385' title='bbox 374 1631 432 1672; x_wconf 83' lang='lat' dir='ltr'>(cf.</span> <span class='ocrx_word' id='word_1_386' title='bbox 454 1631 502 1664; x_wconf 90' lang='lat' dir='ltr'>W.</span> <span class='ocrx_word' id='word_1_387' title='bbox 521 1631 632 1672; x_wconf 74' lang='lat' dir='ltr'>Meyer</span> <span class='ocrx_word' id='word_1_388' title='bbox 650 1642 684 1671; x_wconf 86' lang='lat' dir='ltr'>p.</span> <span class='ocrx_word' id='word_1_389' title='bbox 700 1631 779 1669; x_wconf 88' lang='grc'>269)</span> <span class='ocrx_word' id='word_1_390' title='bbox 799 1642 855 1663; x_wconf 90' lang='lat' dir='ltr'>nec</span> <span class='ocrx_word' id='word_1_391' title='bbox 872 1642 948 1664; x_wconf 90' lang='lat' dir='ltr'>raro</span> <span class='ocrx_word' id='word_1_392' title='bbox 967 1631 1081 1663; x_wconf 85' lang='lat' dir='ltr'>ultima</span> <span class='ocrx_word' id='word_1_393' title='bbox 1103 1632 1195 1663; x_wconf 86' lang='lat' dir='ltr'>verba</span> <span class='ocrx_word' id='word_1_394' title='bbox 1213 1633 1260 1663; x_wconf 84' lang='lat' dir='ltr'>ita</span> <span class='ocrx_word' id='word_1_395' title='bbox 1276 1631 1380 1671; x_wconf 88' lang='lat' dir='ltr'>ponit,</span> <span class='ocrx_word' id='word_1_396' title='bbox 1399 1633 1435 1662; x_wconf 83' lang='lat' dir='ltr'>ut</span> <span class='ocrx_word' id='word_1_397' title='bbox 1453 1631 1638 1671; x_wconf 76' lang='lat' dir='ltr'>bisyltabum</span> <span class='ocrx_word' id='word_1_398' title='bbox 1658 1642 1679 1662; x_wconf 89' lang='lat' dir='ltr'>a</span> <span class='ocrx_word' id='word_1_399' title='bbox 1697 1631 1801 1671; x_wconf 80' lang='lat' dir='ltr'>trisyl-</span> 
     </span>
     <span class='ocr_line' id='line_1_31' title="bbox 143 1683 1798 1726; baseline 0 -12"><span class='ocrx_word' id='word_1_400' title='bbox 143 1683 224 1721; x_wconf 84' lang='lat' dir='ltr'>labo,</span> <span class='ocrx_word' id='word_1_401' title='bbox 263 1684 347 1723; x_wconf 82' lang='lat' dir='ltr'>quod</span> <span class='ocrx_word' id='word_1_402' title='bbox 379 1684 519 1723; x_wconf 79' lang='lat' dir='ltr'>primam</span> <span class='ocrx_word' id='word_1_403' title='bbox 556 1683 709 1724; x_wconf 71' lang='lat' dir='ltr'>syllabam</span> <span class='ocrx_word' id='word_1_404' title='bbox 747 1686 874 1716; x_wconf 87' lang='lat' dir='ltr'>acutam</span> <span class='ocrx_word' id='word_1_405' title='bbox 909 1684 1013 1722; x_wconf 79' lang='lat' dir='ltr'>habet,</span> <span class='ocrx_word' id='word_1_406' title='bbox 1053 1684 1248 1723; x_wconf 72' lang='lat' dir='ltr'>accipiatur:</span> <span class='ocrx_word' id='word_1_407' title='bbox 1281 1690 1323 1711; x_wconf 56' lang='grc' dir='ltr'>ἐκ</span> <span class='ocrx_word' id='word_1_408' title='bbox 1347 1684 1407 1726; x_wconf 61' lang='grc' dir='ltr'>[ἐν</span> <span class='ocrx_word' id='word_1_409' title='bbox 1423 1700 1436 1705; x_wconf 88' lang='grc'><strong>-</strong></span> <span class='ocrx_word' id='word_1_410' title='bbox 1470 1683 1636 1725; x_wconf 75' lang='lat' dir='ltr'>(fecundat</span> <span class='ocrx_word' id='word_1_411' title='bbox 1665 1683 1798 1722; x_wconf 79' lang='lat' dir='ltr'>semine,</span> 
     </span>
     <span class='ocr_line' id='line_1_32' title="bbox 144 1735 1801 1777; baseline -0.001 -11"><span class='ocrx_word' id='word_1_412' title='bbox 144 1735 250 1767; x_wconf 82' lang='lat' dir='ltr'>adisse</span> <span class='ocrx_word' id='word_1_413' title='bbox 273 1735 428 1777; x_wconf 73' lang='lat' dir='ltr'>garriunt,</span> <span class='ocrx_word' id='word_1_414' title='bbox 452 1746 511 1777; x_wconf 89' lang='lat' dir='ltr'>per</span> <span class='ocrx_word' id='word_1_415' title='bbox 541 1735 653 1768; x_wconf 71' lang='lat' dir='ltr'>orbem</span> <span class='ocrx_word' id='word_1_416' title='bbox 677 1735 815 1777; x_wconf 75' lang='lat' dir='ltr'>claruit).</span> <span class='ocrx_word' id='word_1_417' title='bbox 864 1735 978 1768; x_wconf 81' lang='lat' dir='ltr'>Omnes</span> <span class='ocrx_word' id='word_1_418' title='bbox 1000 1738 1104 1767; x_wconf 87' lang='lat' dir='ltr'>autem</span> <span class='ocrx_word' id='word_1_419' title='bbox 1123 1746 1183 1775; x_wconf 82' lang='lat' dir='ltr'>per</span> <span class='ocrx_word' id='word_1_420' title='bbox 1205 1736 1369 1767; x_wconf 83' lang='lat' dir='ltr'>clausulas</span> <span class='ocrx_word' id='word_1_421' title='bbox 1391 1735 1481 1767; x_wconf 77' lang='lat' dir='ltr'>hasce</span> <span class='ocrx_word' id='word_1_422' title='bbox 1504 1735 1693 1775; x_wconf 75' lang='lat' dir='ltr'>rhythmica,</span> <span class='ocrx_word' id='word_1_423' title='bbox 1723 1744 1801 1774; x_wconf 79' lang='lat' dir='ltr'>quae</span> 
     </span>
     <span class='ocr_line' id='line_1_33' title="bbox 143 1786 1802 1827; baseline -0.001 -10"><span class='ocrx_word' id='word_1_424' title='bbox 143 1796 313 1818; x_wconf 86' lang='lat' dir='ltr'>sermonem</span> <span class='ocrx_word' id='word_1_425' title='bbox 336 1787 594 1819; x_wconf 81' lang='lat' dir='ltr'>Aldlzelmianum</span> <span class='ocrx_word' id='word_1_426' title='bbox 624 1788 753 1824; x_wconf 85' lang='lat' dir='ltr'>obtinet,</span> <span class='ocrx_word' id='word_1_427' title='bbox 784 1787 867 1818; x_wconf 86' lang='lat' dir='ltr'>ratio</span> <span class='ocrx_word' id='word_1_428' title='bbox 890 1789 918 1819; x_wconf 88' lang='lat' dir='ltr'>et</span> <span class='ocrx_word' id='word_1_429' title='bbox 940 1788 1147 1826; x_wconf 79' lang='lat' dir='ltr'>conformatio</span> <span class='ocrx_word' id='word_1_430' title='bbox 1170 1798 1238 1818; x_wconf 89' lang='lat' dir='ltr'>cum</span> <span class='ocrx_word' id='word_1_431' title='bbox 1261 1788 1467 1819; x_wconf 83' lang='lat' dir='ltr'>ostentatione</span> <span class='ocrx_word' id='word_1_432' title='bbox 1489 1787 1626 1827; x_wconf 80' lang='lat' dir='ltr'>quadam</span> <span class='ocrx_word' id='word_1_433' title='bbox 1650 1786 1802 1825; x_wconf 75' lang='lat' dir='ltr'>definitur</span> 
     </span>
     <span class='ocr_line' id='line_1_34' title="bbox 144 1838 1801 1879; baseline -0.002 -9"><span class='ocrx_word' id='word_1_434' title='bbox 144 1848 181 1869; x_wconf 86' lang='lat' dir='ltr'>ac</span> <span class='ocrx_word' id='word_1_435' title='bbox 204 1839 425 1878; x_wconf 55' lang='lat' dir='ltr'>confirmatum·</span> <span class='ocrx_word' id='word_1_436' title='bbox 448 1840 483 1870; x_wconf 84' lang='lat' dir='ltr'>in</span> <span class='ocrx_word' id='word_1_437' title='bbox 505 1849 603 1878; x_wconf 80' lang='lat' dir='ltr'>quam</span> <span class='ocrx_word' id='word_1_438' title='bbox 626 1839 780 1871; x_wconf 85' lang='lat' dir='ltr'>orationis</span> <span class='ocrx_word' id='word_1_439' title='bbox 802 1838 1031 1870; x_wconf 88' lang='lat' dir='ltr'>concludendae</span> <span class='ocrx_word' id='word_1_440' title='bbox 1053 1839 1306 1871; x_wconf 77' lang='lat' dir='ltr'>consuetudinem</span> <span class='ocrx_word' id='word_1_441' title='bbox 1328 1849 1391 1870; x_wconf 86' lang='lat' dir='ltr'>non</span> <span class='ocrx_word' id='word_1_442' title='bbox 1414 1838 1597 1879; x_wconf 81' lang='lat' dir='ltr'>defuturum</span> <span class='ocrx_word' id='word_1_443' title='bbox 1619 1847 1681 1868; x_wconf 80' lang='lat' dir='ltr'>esse</span> <span class='ocrx_word' id='word_1_444' title='bbox 1703 1847 1801 1877; x_wconf 78' lang='lat' dir='ltr'>spero,</span> 
     </span>
     <span class='ocr_line' id='line_1_35' title="bbox 143 1891 583 1931; baseline 0.002 -10"><span class='ocrx_word' id='word_1_445' title='bbox 143 1891 201 1930; x_wconf 81' lang='lat' dir='ltr'>qui</span> <span class='ocrx_word' id='word_1_446' title='bbox 222 1891 405 1921; x_wconf 85' lang='lat' dir='ltr'>accuratius</span> <span class='ocrx_word' id='word_1_447' title='bbox 428 1891 583 1931; x_wconf 81' lang='lat' dir='ltr'>inquirat.</span> 
     </span>
    </p>

    <p class='ocr_par' dir='ltr' id='par_1_3' title="bbox 145 1943 1806 2763">
     <span class='ocr_line' id='line_1_36' title="bbox 248 1943 1806 1986; baseline -0.002 -9"><span class='ocrx_word' id='word_1_448' title='bbox 248 1945 408 1978; x_wconf 77' lang='lat' dir='ltr'>Aldlielmi</span> <span class='ocrx_word' id='word_1_449' title='bbox 430 1946 531 1986; x_wconf 74' lang='lat' dir='ltr'>iyitur</span> <span class='ocrx_word' id='word_1_450' title='bbox 553 1947 654 1977; x_wconf 87' lang='lat' dir='ltr'>oratio</span> <span class='ocrx_word' id='word_1_451' title='bbox 671 1946 770 1986; x_wconf 88' lang='lat' dir='ltr'>plane</span> <span class='ocrx_word' id='word_1_452' title='bbox 794 1947 875 1977; x_wconf 86' lang='lat' dir='ltr'>mira</span> <span class='ocrx_word' id='word_1_453' title='bbox 893 1949 938 1977; x_wconf 87' lang='lat' dir='ltr'>est</span> <span class='ocrx_word' id='word_1_454' title='bbox 956 1949 1096 1986; x_wconf 85' lang='lat' dir='ltr'>recteque</span> <span class='ocrx_word' id='word_1_455' title='bbox 1115 1946 1240 1977; x_wconf 86' lang='lat' dir='ltr'>Traube</span> <span class='ocrx_word' id='word_1_456' title='bbox 1255 1948 1271 1985; x_wconf 92' lang='lat'><em>(</em></span> <span class='ocrx_word' id='word_1_457' title='bbox 1278 1945 1490 1985; x_wconf 70' lang='lat' dir='ltr'>Vorlesunyen</span> <span class='ocrx_word' id='word_1_458' title='bbox 1505 1945 1571 1976; x_wconf 80' lang='lat' dir='ltr'>und</span> <span class='ocrx_word' id='word_1_459' title='bbox 1586 1943 1745 1975; x_wconf 77' lang='lat' dir='ltr'>Abliandl.</span> <span class='ocrx_word' id='word_1_460' title='bbox 1762 1943 1806 1974; x_wconf 88' lang='grc' dir='ltr'>ΙΙ</span> 
     </span>
     <span class='ocr_line' id='line_1_37' title="bbox 146 1995 1801 2039; baseline -0.002 -11"><span class='ocrx_word' id='word_1_461' title='bbox 146 1998 224 2039; x_wconf 86' lang='grc'><em>175)</em></span> <span class='ocrx_word' id='word_1_462' title='bbox 254 1998 331 2029; x_wconf 87' lang='lat' dir='ltr'>dicit</span> <span class='ocrx_word' id='word_1_463' title='bbox 360 2007 479 2028; x_wconf 87' lang='lat' dir='ltr'>omnem</span> <span class='ocrx_word' id='word_1_464' title='bbox 506 1998 574 2029; x_wconf 87' lang='lat' dir='ltr'>cius</span> <span class='ocrx_word' id='word_1_465' title='bbox 600 1997 793 2029; x_wconf 83' lang='lat' dir='ltr'>latinitatem</span> <span class='ocrx_word' id='word_1_466' title='bbox 822 1997 1030 2037; x_wconf 78' lang='lat' dir='ltr'>artificiosam</span> <span class='ocrx_word' id='word_1_467' title='bbox 1059 2007 1124 2028; x_wconf 88' lang='lat' dir='ltr'>esse</span> <span class='ocrx_word' id='word_1_468' title='bbox 1152 2000 1180 2028; x_wconf 90' lang='lat' dir='ltr'>et</span> <span class='ocrx_word' id='word_1_469' title='bbox 1202 1997 1274 2028; x_wconf 82' lang='lat' dir='ltr'>stilo</span> <span class='ocrx_word' id='word_1_470' title='bbox 1297 1997 1382 2029; x_wconf 84' lang='lat' dir='ltr'>omni</span> <span class='ocrx_word' id='word_1_471' title='bbox 1405 2007 1524 2033; x_wconf 84' lang='lat' dir='ltr'>carere;</span> <span class='ocrx_word' id='word_1_472' title='bbox 1547 1996 1711 2036; x_wconf 74' lang='lat' dir='ltr'>proprium</span> <span class='ocrx_word' id='word_1_473' title='bbox 1735 1995 1801 2026; x_wconf 82' lang='lat' dir='ltr'>eius</span> 
     </span>
     <span class='ocr_line' id='line_1_38' title="bbox 145 2047 1802 2089; baseline -0.002 -9"><span class='ocrx_word' id='word_1_474' title='bbox 145 2059 208 2080; x_wconf 81' lang='lat' dir='ltr'>esse</span> <span class='ocrx_word' id='word_1_475' title='bbox 231 2049 408 2081; x_wconf 82' lang='lat' dir='ltr'>rarioribus</span> <span class='ocrx_word' id='word_1_476' title='bbox 430 2049 480 2080; x_wconf 87' lang='lat' dir='ltr'>uti</span> <span class='ocrx_word' id='word_1_477' title='bbox 502 2049 670 2081; x_wconf 61' lang='lat' dir='ltr'>vocabulis</span> <span class='ocrx_word' id='word_1_478' title='bbox 719 2049 837 2080; x_wconf 84' lang='lat' dir='ltr'>Tamen</span> <span class='ocrx_word' id='word_1_479' title='bbox 860 2059 925 2080; x_wconf 89' lang='lat' dir='ltr'>non</span> <span class='ocrx_word' id='word_1_480' title='bbox 947 2049 1123 2088; x_wconf 75' lang='lat' dir='ltr'>defuerunt,</span> <span class='ocrx_word' id='word_1_481' title='bbox 1153 2050 1209 2089; x_wconf 81' lang='lat' dir='ltr'>qui</span> <span class='ocrx_word' id='word_1_482' title='bbox 1230 2049 1345 2080; x_wconf 84' lang='lat' dir='ltr'>miram</span> <span class='ocrx_word' id='word_1_483' title='bbox 1368 2049 1436 2079; x_wconf 82' lang='lat' dir='ltr'>cius</span> <span class='ocrx_word' id='word_1_484' title='bbox 1459 2049 1627 2079; x_wconf 79' lang='lat' dir='ltr'>oratimzcm</span> <span class='ocrx_word' id='word_1_485' title='bbox 1651 2047 1802 2078; x_wconf 85' lang='lat' dir='ltr'>admirati</span> 
     </span>
     <span class='ocr_line' id='line_1_39' title="bbox 145 2099 1801 2141; baseline -0.001 -9"><span class='ocrx_word' id='word_1_486' title='bbox 145 2103 238 2141; x_wconf 84' lang='lat' dir='ltr'>atque</span> <span class='ocrx_word' id='word_1_487' title='bbox 260 2100 413 2139; x_wconf 85' lang='lat' dir='ltr'>fallacem</span> <span class='ocrx_word' id='word_1_488' title='bbox 435 2101 539 2141; x_wconf 77' lang='lat' dir='ltr'>ipsius</span> <span class='ocrx_word' id='word_1_489' title='bbox 561 2101 748 2141; x_wconf 64' lang='lat' dir='ltr'>elegantiam</span> <span class='ocrx_word' id='word_1_490' title='bbox 771 2100 926 2132; x_wconf 80' lang='lat' dir='ltr'>aemulati</span> <span class='ocrx_word' id='word_1_491' title='bbox 949 2100 1172 2131; x_wconf 79' lang='lat' dir='ltr'>imitarentur:</span> <span class='ocrx_word' id='word_1_492' title='bbox 1195 2101 1340 2131; x_wconf 86' lang='lat' dir='ltr'>carmina</span> <span class='ocrx_word' id='word_1_493' title='bbox 1362 2099 1485 2139; x_wconf 82' lang='lat' dir='ltr'>quidem</span> <span class='ocrx_word' id='word_1_494' title='bbox 1506 2100 1572 2130; x_wconf 76' lang='lat' dir='ltr'>eius</span> <span class='ocrx_word' id='word_1_495' title='bbox 1595 2099 1801 2130; x_wconf 70' lang='lat' dir='ltr'>ecclesiastica</span> 
     </span>
     <span class='ocr_line' id='line_1_40' title="bbox 146 2150 1803 2192; baseline -0.002 -8"><span class='ocrx_word' id='word_1_496' title='bbox 146 2153 240 2192; x_wconf 75' lang='lat' dir='ltr'>quasi</span> <span class='ocrx_word' id='word_1_497' title='bbox 255 2163 319 2192; x_wconf 87' lang='lat' dir='ltr'>pro</span> <span class='ocrx_word' id='word_1_498' title='bbox 341 2153 430 2184; x_wconf 80' lang='lat' dir='ltr'>novis</span> <span class='ocrx_word' id='word_1_499' title='bbox 453 2152 552 2183; x_wconf 81' lang='lat' dir='ltr'>edidit</span> <span class='ocrx_word' id='word_1_500' title='bbox 573 2152 707 2192; x_wconf 73' lang='lat' dir='ltr'>scriptor</span> <span class='ocrx_word' id='word_1_501' title='bbox 725 2152 838 2183; x_wconf 82' lang='lat' dir='ltr'>codicis</span> <span class='ocrx_word' id='word_1_502' title='bbox 854 2151 1044 2191; x_wconf 73' lang='lat' dir='ltr'>Pliillippici</span> <span class='ocrx_word' id='word_1_503' title='bbox 1063 2151 1282 2183; x_wconf 85' lang='lat' dir='ltr'>Berolinensis</span> <span class='ocrx_word' id='word_1_504' title='bbox 1306 2151 1361 2192; x_wconf 83' lang='lat' dir='ltr'>(cf.</span> <span class='ocrx_word' id='word_1_505' title='bbox 1378 2162 1414 2190; x_wconf 79' lang='lat' dir='ltr'>p.</span> <span class='ocrx_word' id='word_1_506' title='bbox 1432 2152 1476 2191; x_wconf 83' lang='lat'>9),</span> <span class='ocrx_word' id='word_1_507' title='bbox 1499 2150 1584 2182; x_wconf 75' lang='lat' dir='ltr'>alius</span> <span class='ocrx_word' id='word_1_508' title='bbox 1606 2161 1644 2181; x_wconf 62' lang='lat' dir='ltr'>ca·</span> <span class='ocrx_word' id='word_1_509' title='bbox 1667 2150 1803 2181; x_wconf 82' lang='lat' dir='ltr'>versibus</span> 
     </span>
     <span class='ocr_line' id='line_1_41' title="bbox 145 2201 1801 2244; baseline -0.003 -8"><span class='ocrx_word' id='word_1_510' title='bbox 145 2204 382 2236; x_wconf 78' lang='lat' dir='ltr'>Aldhelmianis</span> <span class='ocrx_word' id='word_1_511' title='bbox 410 2214 485 2236; x_wconf 88' lang='lat' dir='ltr'>suos</span> <span class='ocrx_word' id='word_1_512' title='bbox 514 2203 659 2235; x_wconf 87' lang='lat' dir='ltr'>decorare</span> <span class='ocrx_word' id='word_1_513' title='bbox 683 2203 744 2235; x_wconf 88' lang='lat' dir='ltr'>sibi</span> <span class='ocrx_word' id='word_1_514' title='bbox 766 2203 853 2234; x_wconf 84' lang='lat' dir='ltr'>visus</span> <span class='ocrx_word' id='word_1_515' title='bbox 875 2205 920 2234; x_wconf 84' lang='lat' dir='ltr'>est</span> <span class='ocrx_word' id='word_1_516' title='bbox 942 2204 985 2244; x_wconf 86' lang='lat' dir='ltr'>(p.</span> <span class='ocrx_word' id='word_1_517' title='bbox 1005 2204 1056 2244; x_wconf 62' lang='grc' dir='ltr'>(ἣ,-</span> <span class='ocrx_word' id='word_1_518' title='bbox 1085 2203 1236 2234; x_wconf 82' lang='lat' dir='ltr'>carminis</span> <span class='ocrx_word' id='word_1_519' title='bbox 1267 2203 1304 2234; x_wconf 88' lang='lat' dir='ltr'>de</span> <span class='ocrx_word' id='word_1_520' title='bbox 1333 2203 1514 2242; x_wconf 57' lang='lat' dir='ltr'>virginitate</span> <span class='ocrx_word' id='word_1_521' title='bbox 1537 2205 1647 2243; x_wconf 77' lang='lat' dir='ltr'>partes</span> <span class='ocrx_word' id='word_1_522' title='bbox 1671 2201 1717 2233; x_wconf 73' lang='lat' dir='ltr'>vel</span> <span class='ocrx_word' id='word_1_523' title='bbox 1738 2211 1801 2232; x_wconf 91' lang='lat' dir='ltr'>non</span> 
     </span>
     <span class='ocr_line' id='line_1_42' title="bbox 146 2253 1803 2296; baseline -0.002 -10"><span class='ocrx_word' id='word_1_524' title='bbox 146 2258 287 2287; x_wconf 85' lang='lat' dir='ltr'>mutatae</span> <span class='ocrx_word' id='word_1_525' title='bbox 309 2257 356 2287; x_wconf 86' lang='lat' dir='ltr'>vel</span> <span class='ocrx_word' id='word_1_526' title='bbox 378 2255 453 2287; x_wconf 84' lang='lat' dir='ltr'>aliis</span> <span class='ocrx_word' id='word_1_527' title='bbox 468 2255 630 2287; x_wconf 80' lang='lat' dir='ltr'>Aldhelmi</span> <span class='ocrx_word' id='word_1_528' title='bbox 652 2255 795 2286; x_wconf 82' lang='lat' dir='ltr'>versibus</span> <span class='ocrx_word' id='word_1_529' title='bbox 816 2255 972 2295; x_wconf 83' lang='lat' dir='ltr'>appositis</span> <span class='ocrx_word' id='word_1_530' title='bbox 994 2255 1141 2296; x_wconf 82' lang='lat' dir='ltr'>repetitae</span> <span class='ocrx_word' id='word_1_531' title='bbox 1163 2257 1239 2285; x_wconf 86' lang='lat' dir='ltr'>sunt</span> <span class='ocrx_word' id='word_1_532' title='bbox 1259 2255 1343 2292; x_wconf 83' lang='lat' dir='ltr'>(vide</span> <span class='ocrx_word' id='word_1_533' title='bbox 1360 2265 1394 2296; x_wconf 89' lang='lat' dir='ltr'>p.</span> <span class='ocrx_word' id='word_1_534' title='bbox 1412 2256 1492 2292; x_wconf 83' lang='grc'><em>386,·</em></span> <span class='ocrx_word' id='word_1_535' title='bbox 1515 2254 1578 2284; x_wconf 78' lang='lat'>389</span> <span class='ocrx_word' id='word_1_536' title='bbox 1604 2265 1626 2284; x_wconf 77' lang='grc' dir='ltr'>υ.</span> <span class='ocrx_word' id='word_1_537' title='bbox 1643 2253 1715 2291; x_wconf 73' lang='grc'>842,</span> <span class='ocrx_word' id='word_1_538' title='bbox 1739 2254 1803 2283; x_wconf 86' lang='grc'>397</span> 
     </span>
     <span class='ocr_line' id='line_1_43' title="bbox 146 2304 1802 2347; baseline -0.002 -9"><span class='ocrx_word' id='word_1_539' title='bbox 146 2317 173 2338; x_wconf 85' lang='grc' dir='ltr'>υ.</span> <span class='ocrx_word' id='word_1_540' title='bbox 188 2308 280 2345; x_wconf 79' lang='grc'><em>1034,</em></span> <span class='ocrx_word' id='word_1_541' title='bbox 303 2308 367 2338; x_wconf 84' lang='grc'>400</span> <span class='ocrx_word' id='word_1_542' title='bbox 382 2318 409 2338; x_wconf 89' lang='lat' dir='ltr'>v.</span> <span class='ocrx_word' id='word_1_543' title='bbox 425 2307 517 2346; x_wconf 86' lang='grc'><em>1123,</em></span> <span class='ocrx_word' id='word_1_544' title='bbox 537 2309 601 2338; x_wconf 85' lang='grc'>436</span> <span class='ocrx_word' id='word_1_545' title='bbox 616 2317 643 2338; x_wconf 84' lang='lat' dir='ltr'>v.</span> <span class='ocrx_word' id='word_1_546' title='bbox 656 2306 750 2345; x_wconf 85' lang='grc'><em>2024,</em></span> <span class='ocrx_word' id='word_1_547' title='bbox 770 2308 835 2338; x_wconf 85' lang='grc'>437</span> <span class='ocrx_word' id='word_1_548' title='bbox 849 2317 875 2338; x_wconf 87' lang='lat' dir='ltr'>v.</span> <span class='ocrx_word' id='word_1_549' title='bbox 889 2306 973 2337; x_wconf 88' lang='grc'><em>2051</em></span> <span class='ocrx_word' id='word_1_550' title='bbox 972 2308 1000 2347; x_wconf 88' lang='lat'>),</span> <span class='ocrx_word' id='word_1_551' title='bbox 1024 2308 1180 2337; x_wconf 84' lang='lat' dir='ltr'>tractatus</span> <span class='ocrx_word' id='word_1_552' title='bbox 1196 2307 1343 2337; x_wconf 83' lang='lat' dir='ltr'>metricus</span> <span class='ocrx_word' id='word_1_553' title='bbox 1358 2308 1518 2346; x_wconf 70' lang='lat' dir='ltr'>excerptus</span> <span class='ocrx_word' id='word_1_554' title='bbox 1541 2306 1680 2336; x_wconf 85' lang='lat' dir='ltr'>traditus</span> <span class='ocrx_word' id='word_1_555' title='bbox 1702 2307 1744 2335; x_wconf 86' lang='lat' dir='ltr'>cst</span> <span class='ocrx_word' id='word_1_556' title='bbox 1769 2304 1802 2334; x_wconf 81' lang='lat' dir='ltr'>in</span> 
     </span>
     <span class='ocr_line' id='line_1_44' title="bbox 149 2356 1802 2398; baseline -0.003 -8"><span class='ocrx_word' id='word_1_557' title='bbox 149 2359 301 2390; x_wconf 83' lang='lat' dir='ltr'>Ademari</span> <span class='ocrx_word' id='word_1_558' title='bbox 327 2359 426 2391; x_wconf 89' lang='lat' dir='ltr'>codice</span> <span class='ocrx_word' id='word_1_559' title='bbox 446 2369 478 2398; x_wconf 89' lang='lat' dir='ltr'>p.</span> <span class='ocrx_word' id='word_1_560' title='bbox 494 2360 568 2390; x_wconf 88' lang='grc'>206.</span> <span class='ocrx_word' id='word_1_561' title='bbox 615 2358 679 2391; x_wconf 85' lang='lat' dir='ltr'>Sed</span> <span class='ocrx_word' id='word_1_562' title='bbox 704 2359 740 2390; x_wconf 87' lang='lat' dir='ltr'>in</span> <span class='ocrx_word' id='word_1_563' title='bbox 767 2358 961 2390; x_wconf 82' lang='lat' dir='ltr'>carminibus</span> <span class='ocrx_word' id='word_1_564' title='bbox 989 2359 1058 2389; x_wconf 80' lang='lat' dir='ltr'>suis</span> <span class='ocrx_word' id='word_1_565' title='bbox 1079 2359 1204 2398; x_wconf 80' lang='lat' dir='ltr'>suisque</span> <span class='ocrx_word' id='word_1_566' title='bbox 1230 2359 1262 2389; x_wconf 86' lang='lat' dir='ltr'>in</span> <span class='ocrx_word' id='word_1_567' title='bbox 1284 2358 1524 2390; x_wconf 78' lang='lat' dir='ltr'>narrationibus</span> <span class='ocrx_word' id='word_1_568' title='bbox 1547 2367 1616 2388; x_wconf 77' lang='lat' dir='ltr'>cum</span> <span class='ocrx_word' id='word_1_569' title='bbox 1641 2359 1673 2387; x_wconf 74' lang='lat' dir='ltr'>nt</span> <span class='ocrx_word' id='word_1_570' title='bbox 1695 2356 1802 2386; x_wconf 83' lang='lat' dir='ltr'>ducem</span> 
     </span>
     <span class='ocr_line' id='line_1_45' title="bbox 148 2408 1801 2452; baseline -0.002 -10"><span class='ocrx_word' id='word_1_571' title='bbox 148 2410 394 2452; x_wconf 73' lang='lat' dir='ltr'>etsiqniferum</span> <span class='ocrx_word' id='word_1_572' title='bbox 423 2411 521 2442; x_wconf 87' lang='lat' dir='ltr'>secuti</span> <span class='ocrx_word' id='word_1_573' title='bbox 549 2413 624 2442; x_wconf 87' lang='lat' dir='ltr'>sunt</span> <span class='ocrx_word' id='word_1_574' title='bbox 651 2409 878 2448; x_wconf 79' lang='lat' dir='ltr'>Aethilwulfus</span> <span class='ocrx_word' id='word_1_575' title='bbox 907 2410 991 2450; x_wconf 81' lang='lat' dir='ltr'>(vide</span> <span class='ocrx_word' id='word_1_576' title='bbox 1024 2410 1162 2448; x_wconf 77' lang='lat' dir='ltr'>Traube,</span> <span class='ocrx_word' id='word_1_577' title='bbox 1191 2409 1358 2450; x_wconf 80' lang='lat' dir='ltr'>Karoliny.</span> <span class='ocrx_word' id='word_1_578' title='bbox 1387 2408 1586 2449; x_wconf 73' lang='lat' dir='ltr'>Diclztunycn</span> <span class='ocrx_word' id='word_1_579' title='bbox 1612 2418 1644 2447; x_wconf 83' lang='lat' dir='ltr'>p.</span> <span class='ocrx_word' id='word_1_580' title='bbox 1664 2409 1801 2447; x_wconf 81' lang='lat' dir='ltr'>18sqq.),</span> 
     </span>
     <span class='ocr_line' id='line_1_46' title="bbox 148 2459 1802 2502; baseline -0.004 -7"><span class='ocrx_word' id='word_1_581' title='bbox 148 2463 393 2502; x_wconf 79' lang='lat' dir='ltr'>Aetkilwaldus‚</span> <span class='ocrx_word' id='word_1_582' title='bbox 421 2465 532 2495; x_wconf 90' lang='lat' dir='ltr'>auctor</span> <span class='ocrx_word' id='word_1_583' title='bbox 554 2463 780 2495; x_wconf 85' lang='lat' dir='ltr'>miraculorum</span> <span class='ocrx_word' id='word_1_584' title='bbox 804 2463 938 2501; x_wconf 74' lang='lat' dir='ltr'>Niniue,</span> <span class='ocrx_word' id='word_1_585' title='bbox 967 2463 1022 2502; x_wconf 84' lang='lat' dir='ltr'>qui</span> <span class='ocrx_word' id='word_1_586' title='bbox 1051 2463 1095 2494; x_wconf 79' lang='lat' dir='ltr'>vel</span> <span class='ocrx_word' id='word_1_587' title='bbox 1125 2465 1223 2494; x_wconf 84' lang='lat' dir='ltr'>totum</span> <span class='ocrx_word' id='word_1_588' title='bbox 1254 2472 1376 2493; x_wconf 73' lang='lat' dir='ltr'>versum</span> <span class='ocrx_word' id='word_1_589' title='bbox 1401 2460 1557 2493; x_wconf 71' lang='lat' dir='ltr'>Aldhelmi</span> <span class='ocrx_word' id='word_1_590' title='bbox 1584 2464 1615 2497; x_wconf 92' lang='lat' dir='ltr'>(c</span> <span class='ocrx_word' id='word_1_591' title='bbox 1631 2470 1645 2490; x_wconf 88' lang='lat' dir='ltr'>c</span> <span class='ocrx_word' id='word_1_592' title='bbox 1669 2459 1732 2490; x_wconf 91' lang='grc' dir='ltr'>ΙΙῙ</span> <span class='ocrx_word' id='word_1_593' title='bbox 1744 2460 1802 2496; x_wconf 88' lang='grc'>26)</span> 
     </span>
     <span class='ocr_line' id='line_1_47' title="bbox 147 2510 1801 2557; baseline -0.005 -10"><span class='ocrx_word' id='word_1_594' title='bbox 147 2515 215 2546; x_wconf 74' lang='lat' dir='ltr'>suis</span> <span class='ocrx_word' id='word_1_595' title='bbox 245 2515 445 2557; x_wconf 84' lang='lat' dir='ltr'>interposuit,</span> <span class='ocrx_word' id='word_1_596' title='bbox 478 2515 606 2547; x_wconf 87' lang='lat' dir='ltr'>Paulus</span> <span class='ocrx_word' id='word_1_597' title='bbox 637 2515 780 2547; x_wconf 85' lang='lat' dir='ltr'>Albarus</span> <span class='ocrx_word' id='word_1_598' title='bbox 812 2514 992 2556; x_wconf 83' lang='lat' dir='ltr'>Hispanus,</span> <span class='ocrx_word' id='word_1_599' title='bbox 1025 2513 1214 2554; x_wconf 64' lang='lat' dir='ltr'>Armelomus</span> <span class='ocrx_word' id='word_1_600' title='bbox 1245 2513 1469 2550; x_wconf 70' lang='lat' dir='ltr'>Luxoviensis,</span> <span class='ocrx_word' id='word_1_601' title='bbox 1507 2510 1696 2551; x_wconf 80' lang='lat' dir='ltr'>Bonifatius</span> <span class='ocrx_word' id='word_1_602' title='bbox 1731 2519 1801 2540; x_wconf 81' lang='lat' dir='ltr'>cum</span> 
     </span>
     <span class='ocr_line' id='line_1_48' title="bbox 147 2560 1800 2607; baseline -0.005 -9"><span class='ocrx_word' id='word_1_603' title='bbox 147 2566 294 2607; x_wconf 79' lang='lat' dir='ltr'>Ecburya</span> <span class='ocrx_word' id='word_1_604' title='bbox 321 2569 351 2598; x_wconf 89' lang='lat' dir='ltr'>et</span> <span class='ocrx_word' id='word_1_605' title='bbox 373 2566 513 2605; x_wconf 87' lang='lat' dir='ltr'>Dodone,</span> <span class='ocrx_word' id='word_1_606' title='bbox 544 2566 660 2599; x_wconf 78' lang='lat' dir='ltr'>Dullus</span> <span class='ocrx_word' id='word_1_607' title='bbox 683 2577 757 2598; x_wconf 92' lang='lat' dir='ltr'>cum</span> <span class='ocrx_word' id='word_1_608' title='bbox 779 2565 970 2604; x_wconf 78' lang='lat' dir='ltr'>Deneliarto,</span> <span class='ocrx_word' id='word_1_609' title='bbox 1004 2565 1179 2603; x_wconf 82' lang='lat' dir='ltr'>Guthberto,</span> <span class='ocrx_word' id='word_1_610' title='bbox 1209 2563 1384 2605; x_wconf 71' lang='lat' dir='ltr'>Siyebaldo,</span> <span class='ocrx_word' id='word_1_611' title='bbox 1411 2561 1588 2603; x_wconf 72' lang='lat' dir='ltr'>Eanqytha,</span> <span class='ocrx_word' id='word_1_612' title='bbox 1619 2560 1800 2600; x_wconf 72' lang='lat' dir='ltr'>Heaburqa,</span> 
     </span>
     <span class='ocr_line' id='line_1_49' title="bbox 149 2613 1800 2659; baseline -0.006 -9"><span class='ocrx_word' id='word_1_613' title='bbox 149 2618 280 2657; x_wconf 84' lang='lat' dir='ltr'>Aeffled</span> <span class='ocrx_word' id='word_1_614' title='bbox 300 2618 470 2657; x_wconf 82' lang='lat' dir='ltr'>abbatissa,</span> <span class='ocrx_word' id='word_1_615' title='bbox 493 2618 665 2659; x_wconf 75' lang='lat' dir='ltr'>Leobyz&#39;tlza</span> <span class='ocrx_word' id='word_1_616' title='bbox 681 2619 736 2658; x_wconf 88' lang='lat' dir='ltr'>(cf.</span> <span class='ocrx_word' id='word_1_617' title='bbox 756 2628 790 2659; x_wconf 88' lang='lat' dir='ltr'>p.</span> <span class='ocrx_word' id='word_1_618' title='bbox 805 2618 880 2649; x_wconf 87' lang='grc'><em>202.</em></span> <span class='ocrx_word' id='word_1_619' title='bbox 905 2617 994 2658; x_wconf 89' lang='lat'>355),</span> <span class='ocrx_word' id='word_1_620' title='bbox 1022 2615 1256 2653; x_wconf 86' lang='lat' dir='ltr'>Cruindmelus,</span> <span class='ocrx_word' id='word_1_621' title='bbox 1283 2615 1450 2652; x_wconf 56' lang='lat' dir='ltr'>Tattenos,</span> <span class='ocrx_word' id='word_1_622' title='bbox 1473 2613 1638 2650; x_wconf 80' lang='lat' dir='ltr'>Eusebius,</span> <span class='ocrx_word' id='word_1_623' title='bbox 1661 2614 1800 2642; x_wconf 73' lang='lat' dir='ltr'>auctores</span> 
     </span>
     <span class='ocr_line' id='line_1_50' title="bbox 149 2662 1801 2711; baseline -0.006 -9"><span class='ocrx_word' id='word_1_624' title='bbox 149 2670 366 2711; x_wconf 65' lang='lat' dir='ltr'>amv&#39;mnatum</span> <span class='ocrx_word' id='word_1_625' title='bbox 380 2669 597 2702; x_wconf 83' lang='lat' dir='ltr'>Bernensium</span> <span class='ocrx_word' id='word_1_626' title='bbox 619 2672 648 2701; x_wconf 89' lang='lat' dir='ltr'>et</span> <span class='ocrx_word' id='word_1_627' title='bbox 662 2669 880 2710; x_wconf 74' lang='lat' dir='ltr'>Anylicorum,</span> <span class='ocrx_word' id='word_1_628' title='bbox 908 2668 1078 2710; x_wconf 75' lang='lat' dir='ltr'>Cynewulf,</span> <span class='ocrx_word' id='word_1_629' title='bbox 1102 2667 1283 2707; x_wconf 78' lang='lat' dir='ltr'>Stephanus</span> <span class='ocrx_word' id='word_1_630' title='bbox 1298 2667 1332 2698; x_wconf 83' lang='lat' dir='ltr'>in</span> <span class='ocrx_word' id='word_1_631' title='bbox 1348 2666 1414 2697; x_wconf 82' lang='lat' dir='ltr'>vita</span> <span class='ocrx_word' id='word_1_632' title='bbox 1428 2665 1581 2703; x_wconf 82' lang='lat' dir='ltr'>Wilfridi,</span> <span class='ocrx_word' id='word_1_633' title='bbox 1604 2662 1801 2696; x_wconf 75' lang='lat' dir='ltr'>Willibaldus</span> 
     </span>
     <span class='ocr_line' id='line_1_51' title="bbox 149 2712 1800 2763; baseline -0.007 -11"><span class='ocrx_word' id='word_1_634' title='bbox 149 2722 185 2753; x_wconf 83' lang='lat' dir='ltr'>in</span> <span class='ocrx_word' id='word_1_635' title='bbox 214 2722 282 2753; x_wconf 84' lang='lat' dir='ltr'>vita</span> <span class='ocrx_word' id='word_1_636' title='bbox 313 2721 478 2760; x_wconf 84' lang='lat' dir='ltr'>Bonifatii</span> <span class='ocrx_word' id='word_1_637' title='bbox 507 2722 567 2763; x_wconf 85' lang='lat' dir='ltr'>(ad</span> <span class='ocrx_word' id='word_1_638' title='bbox 593 2722 666 2760; x_wconf 84' lang='lat'>291,</span> <span class='ocrx_word' id='word_1_639' title='bbox 684 2723 704 2752; x_wconf 88' lang='grc'><em>7</em></span> <span class='ocrx_word' id='word_1_640' title='bbox 740 2721 789 2754; x_wconf 89' lang='lat' dir='ltr'>W.</span> <span class='ocrx_word' id='word_1_641' title='bbox 806 2720 943 2752; x_wconf 85' lang='lat' dir='ltr'>Levison</span> <span class='ocrx_word' id='word_1_642' title='bbox 975 2719 1096 2752; x_wconf 84' lang='lat' dir='ltr'>Histor.</span> <span class='ocrx_word' id='word_1_643' title='bbox 1128 2718 1279 2750; x_wconf 83' lang='lat' dir='ltr'>Zeitschr.</span> <span class='ocrx_word' id='word_1_644' title='bbox 1302 2719 1364 2748; x_wconf 88' lang='grc'><em>116</em></span> <span class='ocrx_word' id='word_1_645' title='bbox 1391 2727 1424 2757; x_wconf 76' lang='lat' dir='ltr'>p.</span> <span class='ocrx_word' id='word_1_646' title='bbox 1448 2718 1510 2747; x_wconf 73' lang='lat'>444</span> <span class='ocrx_word' id='word_1_647' title='bbox 1541 2715 1709 2753; x_wconf 80' lang='lat' dir='ltr'>adscripsit</span> <span class='ocrx_word' id='word_1_648' title='bbox 1739 2723 1762 2743; x_wconf 90' lang='lat' dir='ltr'>c.</span> <span class='ocrx_word' id='word_1_649' title='bbox 1779 2712 1800 2741; x_wconf 89' lang='grc'><em>2</em></span> 
     </span>
    </p>
   </div>
  </div>
 </body>
</html>
