2183 3077
840 81 886 107 DE
908 80 1157 107 VlRGINlTATE.
1765 86 1826 114 467

495 179 546 198 2805
588 168 731 199 Maxima
756 168 940 209 permodica
965 178 1112 198 emensus
1137 177 1213 198 mox
1237 167 1367 198 caerula
1390 168 1485 199 lintre
1587 179 1623 198 360

590 220 708 261 Attigit
732 219 877 250 obtatuni
901 219 1003 250 lassus
1028 219 1066 249 dc
1091 219 1217 259 gurgite
1242 218 1316 249 litus

591 271 733 312 Turgida
758 271 898 302 ventosis
923 270 1089 311 deponens
1114 268 1248 300 carbasa
1272 270 1365 301 malis

590 314 835 363 Anteninasque
860 322 953 352 simul
978 321 1106 353 solvens
1130 321 1170 352 (le
1195 325 1286 362 parte
1311 321 1491 353 rudentum.

589 374 741 405 Anchora
763 374 967 414 fluctivagam
992 383 1074 403 nunc
1098 373 1188 403 sistat
1212 374 1345 404 metrica
1368 374 1508 413 barcam,

497 437 548 456 2810
589 425 632 457 Ut
655 425 770 456 saltem
795 426 825 456 in
849 428 944 466 portu
968 428 1136 465 quassatus
1160 425 1268 455 navita
1292 425 1408 455 flustris
1587 437 1623 456 3235

589 477 642 508 Ad
666 477 810 518 requiem
836 476 971 507 tendens
996 475 1106 506 obtata
1130 479 1216 507 sorte
1241 475 1378 507 fruatur!

634 528 704 559 Hos
727 529 824 569 igitur
848 538 972 569 pauper
995 527 1132 568 supplex
1157 527 1290 558 obscero
1315 531 1468 568 patronos

590 580 752 622 Virgineis
777 580 941 621 proprium
966 581 1131 610 comentes
1156 579 1280 610 actibus
1305 590 1421 610 aevum

591 631 633 662 Et
656 632 794 662 famulas
818 631 939 662 domini
963 631 1110 672 precibus
1135 631 1269 672 pulsabo
1294 631 1448 669 misellus,

496 695 546 714 ‘2815
589 683 780 724 Integritate
805 693 862 713 sua
887 693 969 724 quac
994 682 1112 713 Christi
1136 692 1236 723 regna
1261 686 1424 713 merentur
1588 696 1625 714 370

591 735 741 776 Limpida
764 735 920 775 stelligeri
945 734 1136 765 scandentes
1160 734 1299 765 culmina
1324 734 1415 773 caeli,

590 787 635 818 Ut
659 785 822 817 dominum
846 786 974 827 pulsent
998 785 1139 816 clamosa
1163 795 1241 816 voce
1267 785 1456 826 Tonantem,

592 838 654 874 Qui
677 838 760 869 solet
783 838 922 879 indignis
945 837 1028 868 ultro
1052 838 1261 868 miserescere
1287 837 1394 868 bernis

592 890 825 930 Conversisque
850 889 913 920 reis
937 899 1094 919 noxarum
1118 888 1243 919 solvere
1269 889 1382 928 vinela,

498 953 549 972 282⁰
591 942 756 978 Quatenus
781 943 854 972 ante
880 940 975 980 diem,
1001 941 1054 981 qui
1077 940 1163 971 vitae
1187 940 1308 970 lumina
1332 940 1461 981 claudit,

591 993 660 1024 Nec
683 1003 746 1023 non
770 996 844 1023 aute
869 992 965 1031 diem,
990 992 1044 1033 qui
1067 993 1179 1022 mortis
1202 992 1312 1022 limina
1336 991 1458 1032 pandit,

593 1044 716 1075 Cuncta
739 1044 917 1085 piaclorum
941 1043 1104 1074 solvantur
1127 1046 1233 1100 gesta
1242 1054 1389 1074 meorum

591 1096 642 1132 Et
667 1095 893 1137 quodcumque
917 1094 993 1125 mali
1016 1095 1117 1136 gessit
1140 1084 1260 1125 lasciva
1284 1095 1335 1125 1111Υ
1340 1098 1443 1135 entus,
1478 1086 1482 1088 Ἴ

592 1147 710 1178 Doleat
732 1149 892 1185 aeterum,
917 1146 1079 1177 caelorum
1103 1146 1216 1186 gleiia,
1239 1145 1399 1176 Chlistus:

499 1210 549 1230 ‘2825
593 1198 779 1230 Clementer
801 1199 929 1229 veniam
952 1197 1096 1228 tribuens
1119 1201 1254 1239 peccata
1277 1198 1421 1229 remittat
1589 1209 1626 1227 350

592 1250 728 1282 Actibus
753 1254 808 1281 aut
832 1250 925 1282 dietis
949 1260 1006 1280 seu
1031 1249 1098 1281 solo
1122 1251 1219 1280 noxia
1244 1252 1353 1281 sensu!

276 1377 345 1404 2805
364 1380 510 1412 permodica
528 1388 647 1405 emensus
665 1389 725 1405 mox
744 1380 831 1404 cerula
849 1380 925 1405 lintre
944 1380 986 1411 S¹‚
1011 1388 1055 1412 per
1074 1380 1200 1404 modicam
1219 1378 1247 1409 (a
1265 1387 1296 1404 ex
1313 1388 1331 1404 u
1352 1379 1396 1411 S2)
1420 1388 1541 1405 emensus
1561 1388 1620 1405 mox
1643 1380 1730 1405 cerula
1749 1379 1834 1413 (erula

172 1429 287 1453 suprasc.
310 1431 324 1447 c
342 1423 379 1453 A)
403 1424 504 1448 lintrem
523 1423 817 1453 ACGNOP¹SS2V1V,
845 1432 889 1456 per
913 1424 1038 1448 modicam
1061 1431 1181 1448 emensus
1208 1423 1312 1447 coerula
1336 1423 1438 1447 lintrem
1461 1422 1561 1453 Canis„
1590 1431 1634 1455 per
1653 1423 1779 1448 modicam
1798 1424 1833 1448 di<

173 1473 276 1490 mensus
295 1467 398 1491 caerula
417 1467 518 1492 lintrem
540 1467 608 1492 Giles
686 1466 754 1492 2806
773 1467 868 1499 Attigis
888 1465 1014 1498 (supr-asc.
1029 1475 1048 1491 s.
1063 1465 1098 1497 &J
1119 1466 1141 1490 G
1195 1467 1313 1491 obtutum
1334 1466 1362 1497 C,
1381 1470 1498 1498 optatum
1518 1470 1571 1491 cett.
1649 1465 1717 1491 2807
1742 1467 1834 1492 carbas

172 1508 246 1533 malis
265 1509 289 1533 A
378 1511 487 1535 carbosa
510 1510 538 1542 Γ,
558 1511 678 1536 carbassa
699 1511 721 1535 C
826 1509 894 1534 2808
913 1514 1097 1541 antemnasqne
1116 1508 1259 1539 AP¹S¹S2‚
1277 1510 1484 1542 antemptiasque
1510 1509 1533 1533 V
1635 1508 1703 1536 2809
1721 1510 1835 1535 anchora

173 1551 382 1578 ACGNP¹S¹S²
470 1554 531 1578 sista
550 1553 574 1578 A
645 1554 750 1579 metrica
777 1553 802 1576 V
896 1553 1018 1577 barcham
1040 1552 1082 1583 S‘-',
1100 1552 1218 1576 bai-tham
1239 1552 1261 1576 S
1375 1551 1444 1577 2810
1467 1553 1551 1577 saltim
1572 1552 1659 1577 GXPl
1683 1552 1703 1584 (i
1722 1553 1748 1577 in
1766 1552 1791 1583 e)
1815 1552 1835 1577 Ο

173 1592 240 1618 2811
261 1595 373 1620 deridens
386 1597 408 1626 (t
417 1603 448 1620 ex
457 1595 485 1628 d)
500 1595 522 1620 S
575 1597 662 1621 obtata
672 1595 840 1626 ACGN882,
854 1600 903 1628 opt.
918 1599 970 1620 cett.
1025 1595 1247 1620 SUPPLICATIO
1260 1596 1372 1620 POETE
1387 1595 1420 1620 (2¹¹
1484 1593 1552 1620 2812
1571 1596 1625 1620 Hos
1638 1596 1717 1628 igitur
1729 1596 1834 1628 pprium

172 1641 302 1662 comentes
315 1638 351 1670 (p.
362 1647 382 1664 c.
395 1639 515 1670 deletum)
528 1640 637 1672 subplex
651 1639 672 1664 S
730 1640 821 1664 obsero
837 1638 858 1663 C
909 1639 983 1663 Nunc
996 1646 1044 1670 ego
1057 1638 1187 1670 uirgineos
1200 1638 1309 1670 deposco
1323 1647 1367 1670 per
1380 1639 1466 1663 omnia
1480 1639 1554 1663 flores
1567 1639 1589 1663 G
1660 1637 1729 1663 2814
1742 1639 1806 1663 Nam
1820 1639 1834 1663 b

172 1679 240 1711 (cod.
252 1680 344 1706 Bamb.
358 1690 377 1706 s.
387 1681 469 1713 Xqui
482 1683 590 1707 continet
598 1686 705 1714 praeter
716 1682 805 1714 praef.
817 1682 917 1706 11—18
930 1685 952 1706 et
965 1689 1044 1705 carm.
1058 1689 1080 1705 v.
1092 1682 1195 1705 34—44
1208 1681 1285 1705 estam
1298 1682 1476 1706 2814—-28-23.
1493 1683 1662 1706 2871—2904
1681 1682 1715 1713 cf.
1733 1690 1759 1712 [ι.
1773 1681 1834 1713 343)

172 1724 323 1748 famulusA
411 1724 479 1751 2816
498 1726 615 1758 limphita
634 1726 666 1755 A,
685 1725 811 1758 Lympida
837 1724 861 1749 V
926 1725 1049 1749 scandent
1067 1724 1106 1754 (es
1125 1724 1187 1749 add.
1200 1723 1250 1755 ⁷12³)
1269 1724 1300 1748 N
1365 1725 1495 1756 stellegeri
1515 1724 1539 1755 (e
1559 1724 1585 1748 iu
1604 1724 1624 1755 i)
1646 1724 1676 1748 S¹
1765 1722 1834 1749 2818

173 1766 350 1792 1111εέ01050οΝ
377 1765 399 1792 C
478 1769 565 1793 bernis
588 1768 612 1792 A
629 1768 714 1799 multi,
741 1776 856 1800 supra-30.
876 1776 892 1791 v
911 1767 946 1792 Ρι
1051 1765 1121 1791 2820
1142 1767 1271 1797 Quatiuus
1296 1766 1406 1791 COm¹C
1490 1767 1589 1791 lumina
1612 1767 1740 1798 (suprasc.
1760 1766 1781 1798 i)
1801 1766 1834 1798 N,

172 1809 261 1834 limina
275 1810 299 1835 G
378 1809 444 1836 2821
465 1811 531 1836 diem
549 1815 609 1836 ante
628 1811 661 1836 S¹
741 1810 810 1836 2823
829 1811 896 1836 male
914 1810 955 1835 M
1017 1810 1124 1834 lasciuia
1136 1809 1169 1841 A,
1187 1810 1299 1834 lassciua
1314 1809 1336 1834 S
1416 1808 1484 1834 2825
1503 1810 1583 1834 uenin
1597 1810 1621 1834 A
1701 1809 1769 1835 2826
1788 1818 1834 1835 seu

173 1860 223 1878 om.
239 1852 272 1878 S²
342 1854 397 1879 sola
417 1854 473 1885 S²b‚
492 1855 530 1879 sol
550 1854 572 1879 S

279 1979 346 2006 2806
364 1988 448 2013 prosa
466 1989 488 2007 c.
503 1981 582 2007 LIX
606 1981 718 2008 Rimosa
740 1989 860 2014 namque
884 1979 995 2014 fragilis
1020 1979 1126 2014 ingenii
1150 1980 1236 2006 barca
1260 1979 1338 2006 dirae
1362 1980 1541 2014 tempestatis
1565 1980 1676 2007 turbine
1700 1982 1834 2014 quassata

176 2030 245 2057 licet
264 2031 410 2058 laborante
429 2032 597 2059 lacertorum
615 2033 734 2067 remigio
752 2034 883 2066 optatum
902 2031 1008 2058 silentii
1033 2033 1144 2065 portum
1168 2040 1227 2058 sero
1248 2031 1356 2065 attigit.
1394 2031 1448 2058 Sed
1472 2034 1567 2058 tamen
1589 2033 1700 2058 nostrae
1725 2032 1833 2058 rustici-

173 2081 243 2109 tatis
266 2083 414 2117 stipulatio
438 2093 557 2118 supemo
581 2084 686 2111 Christi
713 2083 872 2119 patrocinio
900 2084 973 2110 freta
999 2083 1169 2110 fiducialiter
1198 2083 1325 2115 confidit,
1356 2083 1429 2117 quod
1458 2085 1614 2110 nostrarum
1643 2083 1759 2110 carbasa
1787 2092 1834 2110 an—

173 2135 331 2161 temnarum
350 2135 490 2170 prosperis
508 2138 652 2163 ventorum
670 2135 829 2162 flaminibus
846 2135 959 2162 sinuata
977 2135 1057 2169 quasi
1071 2135 1144 2162 inter
1157 2135 1266 2161 scillam
1281 2134 1438 2162 soloecismi
1457 2136 1486 2161 et
1504 2134 1670 2161 barbarismi
1690 2135 1834 2162 baratrum

172 2184 339 2220 indisruptis
355 2187 521 2215 rudentibus
537 2187 658 2214 feliciter
670 2187 914 2214 transfretaverint
996 2186 1168 2213 2812—2831
1189 2187 1330 2213 Ina-ocatio
1351 2187 1483 2220 νίιῃίιιιιιη
1503 2186 1649 2213 masculini
1666 2189 1691 2212 et
1708 2187 1835 2219 seminini

171 2237 276 2269 generis
375 2239 443 2266 2812
461 2238 562 2273 igitur:
583 2240 709 2273 quoniam
729 2239 766 2265 ad
781 2239 861 2271 finem
874 2239 984 2272 perrevii
1083 2239 1151 2265 2814
1169 2247 1250 2265 carm.
1269 2239 1355 2265 eccles.
1372 2239 1421 2265 IV
1436 2242 1474 2272 13,
1490 2243 1506 2266 3
1526 2239 1582 2265 Hos
1602 2238 1730 2272 precibus
1750 2247 1835 2265 verna

175 2288 278 2315 crebris
297 2290 326 2316 et
344 2292 458 2324 pectore
476 2291 557 2325 pulso
653 2291 722 2318 2816
740 2292 775 2324 cf.
796 2291 833 2317 ad
853 2299 873 2317 r.
889 2294 957 2317 1445
1045 2290 1112 2317 2817
1134 2294 1229 2317 &1524
1249 2293 1308 2317 tum
1328 2290 1389 2316 fixis
1408 2290 1527 2325 genibus
1546 2290 1679 2324 pulsabat
1697 2299 1764 2317 voce
1783 2290 1834 2317 To-

174 2342 296 2373 nantem,
315 2349 396 2369 earm.
410 2343 498 2369 eccles.
512 2343 560 2369 IV
576 2346 596 2375 7,
611 2346 626 2369 9
645 2345 737 2369 oraret
750 2351 817 2370 voce
831 2343 988 2369 Tonantem
1067 2343 1135 2369 2819
1154 2343 1190 2374 cs‘.
1204 2342 1240 2367 ad
1258 2350 1340 2369 carm.
1354 2342 1440 2368 eccles.
1454 2342 1505 2368 IV
1520 2345 1556 2374 13,
1570 2346 1585 2367 5
1665 2342 1733 2368 2820
1751 2350 1833 2368 carm.

174 2392 319 2419 eceles.1V
334 2398 356 2426 1,
370 2397 401 2420 17
412 2402 449 2427 sq.
468 2393 540 2420 Dum
558 2394 619 2421 sani
638 2404 731 2421 rursus
756 2395 874 2421 redeunt
892 2394 928 2420 ad
951 2393 1058 2421 lumina
1077 2394 1166 2425 vitae,
1193 2393 1327 2424 Quamvis
1347 2395 1413 2420 ante
1433 2393 1530 2428 nigrae
1550 2393 1715 2419 lustrassent
1734 2392 1834 2419 limina

174 2444 280 2470 mortis.
312 2445 504 2472 Iurenc.Hist.
523 2454 614 2480 ercmy.
628 2447 674 2472 IV
683 2450 731 2474 354
749 2455 804 2473 non
823 2455 956 2480 umquam
975 2446 1139 2480 contingent
1157 2446 1256 2472 limina
1276 2445 1382 2477 mortis,
1400 2445 1477 2471 Beda
1498 2453 1518 2470 1¹.
1540 2444 1631 2470 Cuthb.
1649 2444 1677 2469 X
1690 2448 1719 2470 15
1737 2443 1833 2477 pelagi

175 2495 224 2528 qui
243 2495 340 2523 limina
359 2497 460 2531 pandit
564 2498 632 2525 ‘2825
660 2506 740 2525 carin.
759 2498 845 2525 eccles.
864 2498 911 2524 IV
925 2501 965 2531 13,
984 2502 1033 2524 45
1057 2497 1096 2524 Ut
1115 2497 1185 2524 mihi
1206 2498 1359 2524 clementer
1377 2504 1511 2522 noxarum
1532 2495 1654 2529 pondera
1674 2495 1771 2522 laxent
1799 2495 1833 2522 Et

176 2546 286 2574 veniam
305 2548 403 2575 dantes
427 2549 573 2576 commissa
596 2550 708 2584 piacula
731 2550 844 2576 solvant
932 2549 1001 2576 2826
1022 2549 1196 2582 Azoyustioms
1217 2549 1319 2575 Contrav
1342 2548 1412 2573 <luas
1436 2548 1511 2580 epist.
1530 2547 1635 2580 Pelagii
1654 2546 1674 2572 Ι
1693 2550 1726 2572 :27
1749 2546 1834 2572 Fiunt

177 2599 269 2625 autem
293 2600 432 2633 (peccata)
454 2601 514 2628 sive
536 2601 676 2635 operando
703 2601 762 2628 sive
784 2600 923 2634 loquendo
947 2601 1017 2633 sive,
1045 2601 1119 2634 quod
1143 2600 1310 2627 facillimum
1338 2601 1425 2633 atquc
1450 2597 1624 2625 celerrimum
1649 2597 1678 2630 (l.
1702 2597 1834 2624 creberri—

176 2651 263 2684 mum)
281 2653 325 2678 est
343 2652 501 2686 cogitando.
538 2652 665 2684 Bonis'at.
679 2653 738 2679 131
756 2652 875 2686 pulsabo
894 2652 1050 2679 Tonantem
1069 2652 1116 2684 (cf.
1137 2660 1157 2678 ι’.
1175 2654 1258 2685 2817),
1283 2652 1369 2677 Actus
1394 2650 1438 2676 vel
1463 2649 1531 2676 dicti
1552 2658 1647 2676 sensus
1669 2657 1717 2675 seu
1741 2649 1834 2675 vincla

177 2702 299 2729 resolvat
318 2703 364 2735 (cf.
380 2711 400 2729 ι’.
414 2705 491 2737 2871)

1574 2753 1623 2780 59*
