2183 3077
805 138 974 165 CARMINA
994 138 1220 165 RHYTHMICA.
1778 143 1838 172 527

434 224 527 256 Clara
553 223 671 254 Christi
695 224 866 255 clementia
1122 238 1157 256 m
1203 225 1283 255 Tum
1310 225 1439 255 tandem
1464 235 1555 256 cursu
1579 228 1707 257 caterva

432 275 497 306 Per
520 275 600 306 haec
626 275 709 305 facta
734 276 888 306 recentia!
1208 275 1380 306 Confracta
1404 276 1549 316 linquens
1573 277 1681 308 limina

475 325 555 357 Cum
580 328 693 366 quarta
716 325 877 366 gallicinia
1207 325 1341 356 Portum
1366 327 1446 367 petit
1470 327 1620 358 basilicae

435 377 534 413 Quasi
559 382 672 418 quarta
696 377 803 416 vigilia
1208 377 1387 418 Populantc
1412 379 1567 418 pernicie:

350 440 385 459 12:-
431 427 627 458 Suscitarent
650 427 836 459 sonantibus
1207 427 1267 458 Hic
1293 427 1454 468 pelluntur
1476 429 1617 469 pericula

435 478 672 510 Somniculosos
696 478 851 518 cantibus,
1123 492 1158 510 1510
1203 478 1267 510 Per
1290 478 1400 510 Matris
1424 479 1630 510 adminicula!

431 529 514 560 Tum
540 530 620 561 binis
643 534 765 561 stantes
787 529 941 561 classibus
1207 529 1345 565 Quidam
1370 530 1539 561 discrimen
1555 532 1575 569 †
1592 531 1715 562 duobus

431 580 640 612 Celebramus
664 580 869 612 concentibus
1206 580 1395 612 Devitantes
1418 592 1490 612 cum
1513 581 1646 612 saltibus

430 632 622 663 Matutinam
646 631 820 663 melodiam
1207 632 1270 663 Per
1293 632 1419 663 devexa
1443 643 1480 663 ae
1504 633 1625 664 lubrica

346 696 382 714 130
426 684 474 715 Ac
498 684 627 724 synaxis
651 682 877 724 psalmodiam:
1208 682 1327 714 clivosi
1351 684 1431 714 ruris
1455 685 1557 715 latera

430 733 490 773 En,
514 735 622 764 statim
645 733 745 764 fulcra
768 734 896 765 flamine
1122 747 1157 765 με,
1205 734 1393 766 Metuebant
1417 745 1613 776 magnopere

431 785 598 816 Nutabant
620 795 639 815 a
663 784 864 821 fundamine3
1208 785 1326 817 Casam
1351 787 1519 817 contritam
1543 796 1688 827 crepore.

431 836 534 878 Tigna
559 839 626 866 tota
649 846 721 867 cnm
745 835 888 867 trabibus
1249 837 1350 868 Porro
1375 847 1445 868 cum
1470 841 1572 869 tetrae
1597 838 1750 869 tenebrae

433 886 651 918 'tremibunda
675 887 857 929 ingentibus
1208 888 1422 919 Preterissent
1446 893 1478 919 et
1501 888 1644 920 latebrae

345 951 382 970 1³5
428 938 630 970 Vacillabant
655 938 695 969 ab
720 938 866 969 omnibus
1208 939 1400 971 Fatescente
1424 940 1584 971 velamine

432 990 536 1021 Aulae
561 990 687 1031 pulsata
711 990 864 1031 partibus.
1123 1003 1158 1021 mo
1204 990 1283 1021 Orto
1307 990 1426 1021 iubaris
1449 991 1579 1030 lumine,

433 1040 494 1072 His
517 1041 613 1072 tantis
636 1041 883 1081 tempestatibus
1208 1041 1314 1072 Scissa
1338 1052 1414 1073 ceca
1438 1041 1573 1082 caligine

431 1093 479 1123 Ac
503 1095 661 1123 terrorum
684 1092 861 1123 turbinibus
1208 1093 1307 1129 Quasi
1330 1093 1440 1123 mortis
1464 1094 1614 1133 imagine,

430 1142 548 1173 Nostra
573 1147 692 1184 pavent
715 1143 893 1184 precordia,
1207 1144 1296 1174 Tune
1320 1144 1430 1174 videns
1454 1143 1494 1174 ab
1518 1144 1655 1175 ecclesia

346 1207 382 1224 ιω
427 1193 490 1224 Tot
514 1197 727 1225 monstrorum
751 1194 897 1235 prodigia
1208 1195 1316 1236 Tigilli
1339 1195 1409 1225 fusa
1432 1194 1599 1236 fragmina,

432 1244 568 1280 Quando
592 1244 766 1276 cernebant
789 1245 921 1277 lumina:
1122 1259 1159 1277 165
1203 1244 1273 1285 ‘Em
1296 1246 1436 1287 inquam,
1460 1247 1563 1277 noctis
1586 1246 1715 1277 horrida

430 1296 603 1327 Tectorum
626 1295 792 1336 laquearia
1207 1297 1299 1328 Nunc
1324 1300 1481 1338 apparent
1504 1297 1703 1338 spectacula!

433 1347 619 1378 Horrisonis
642 1347 821 1388 fragoribus
1207 1348 1301 1388 Ecce,
1327 1358 1419 1379 casae
1445 1349 1609 1380 cacumina

430 1398 565 1429 Concuti
589 1409 626 1429 ac
653 1398 848 1440 creporibus.
1207 1399 1376 1431 Cadebant
1398 1399 1439 1430 ad
1463 1400 1658 1437 fundamina.

294 1492 344 1518 136
363 1493 472 1526 pulsatis
490 1493 514 1516 Γ
598 1492 648 1518 148
667 1493 822 1525 propellente
841 1492 920 1523 Jaffc',
939 1493 984 1518 sed
1003 1493 1037 1526 cf.
1051 1494 1076 1518 iu
1097 1493 1262 1518 adnotatione
1351 1492 1398 1518 151
1419 1494 1518 1518 duobus
1534 1493 1563 1524 V,
1581 1494 1666 1518 dubiis
1684 1493 1748 1518 coni.
1763 1492 1841 1523 Jaffe',

189 1537 282 1568 recepit
304 1536 454 1561 Duemmler
560 1535 608 1560 152
627 1537 767 1561 diuitautes
790 1535 813 1559 V
918 1535 967 1561 156
991 1537 1128 1561 contritum
1154 1536 1176 1559 Γ
1282 1535 1329 1560 1ἴ)”ι’
1353 1542 1418 1561 tetro
1446 1536 1469 1559 Γ
1571 1535 1619 1560 159
1644 1537 1795 1561 fatescentes
1823 1536 1846 1558 V

190 1579 240 1605 160
258 1580 354 1605 iuuaris
371 1579 395 1602 V
480 1577 530 1604 163
549 1579 636 1603 uident
654 1577 727 1608 Juffe'

295 1664 340 1690 121
364 1664 440 1690 facta
458 1671 494 1689 sc.
508 1666 562 1689 est:
583 1663 685 1688 rcrbmn
698 1662 892 1688 snbstaniivmn
911 1671 935 1695 q.
948 1662 973 1689 d.
987 1663 1049 1696 (est,
1069 1666 1145 1695 sunt)
1164 1663 1193 1688 in
1212 1663 1254 1688 his
1271 1663 1436 1688 carminibus
1450 1671 1504 1688 non
1522 1662 1660 1688 ini-enitar
1672 1665 1842 1696 usurpatum.

190 1714 270 1741 Aldlz.
283 1714 314 1740 de
333 1714 398 1747 Γέτῃ.
413 1723 433 1741 r.
448 1718 517 1740 2088
536 1722 619 1740 saera
639 1713 746 1747 pericla
765 1713 853 1739 duelli
871 1713 1002 1740 Protinus
1021 1714 1142 1740 auferret
1159 1714 1243 1740 solita
1258 1714 1407 1740 clementia
1422 1713 1535 1740 Christi.
1561 1714 1649 1746 Epist.
1664 1713 1843 1747 Bertlzyychae

189 1766 224 1792 ad
239 1765 419 1792 Ballnardum
432 1765 520 1799 Epist.
531 1765 599 1792 Mer.
612 1765 686 1791 1429
701 1764 783 1791 Clara
794 1764 898 1791 Christi
912 1765 1061 1792 clementia
1075 1765 1165 1792 celsae
1178 1765 1269 1791 laudis
1283 1765 1311 1791 iu
1324 1765 1417 1791 secula
1490 1765 1538 1790 127
1552 1764 1724 1798 Achh.1›rosa
1737 1765 1767 1791 de
1781 1766 1842 1798 virq.

189 1825 211 1844 c.
231 1817 325 1843 XXX
343 1825 371 1850 p.
391 1820 456 1848 286,
475 1822 503 1843 14
531 1816 616 1843 Cuius
638 1817 678 1843 rei
701 1816 825 1850 regulam
852 1836 878 1842 ..
898 1816 971 1843 binis
996 1817 1132 1843 classibus
1157 1825 1259 1843 canora
1287 1824 1353 1842 voce
1381 1825 1551 1850 concrepans
1579 1818 1607 1843 et
1634 1816 1752 1850 geminis
1780 1824 1842 1842 con-

190 1869 318 1896 centibus
348 1868 461 1895 Osanna
494 1868 652 1902 persultans
679 1877 741 1894 eum
772 1867 909 1894 iucundae
938 1868 1114 1895 iubilationis
1145 1868 1265 1895 melodia
1295 1867 1498 1894 concelebrant.
1523 1882 1554 1886 ——
1585 1875 1666 1893 carm.
1686 1867 1771 1894 eccles.
1791 1867 1841 1894 111

189 1929 211 1946 v.
225 1924 260 1946 47
282 1920 418 1946 classibus
442 1921 469 1946 et
488 1919 609 1954 geminis
628 1919 797 1952 psalmorum
817 1920 966 1953 concrepet
984 1919 1052 1951 oda,
1078 1919 1237 1953 Aethilwulf
1254 1918 1314 1944 XV
1325 1922 1368 1950 24,
1393 1918 1474 1944 XXI
1489 1923 1525 1944 14.
1543 1922 1576 1944 23
1600 1919 1726 1951 (Traube,
1745 1919 1841 1945 Karol.

190 1971 319 2004 Dicht.1›.
334 1974 377 2004 36)
471 1971 520 1997 130
538 1970 651 2004 synaxis
671 1972 715 2002 (=
729 1970 845 2003 collecta)
870 1970 991 2002 officium
1009 1970 1226 2002 ecclesiasticm,
1253 1970 1413 1996 canonicam
1436 1971 1617 2002 precationem
1633 1970 1714 2001 chori,
1735 1977 1842 1995 cursum

187 2023 351 2057 psalmorum
376 2022 522 2056 sifflzificat;
548 2022 638 2054 reynlu
662 2021 698 2047 St.
718 2021 816 2047 Bened.
842 2029 864 2047 c.
884 2021 988 2047 XIIII
1008 2021 1143 2053 describit,
1166 2022 1195 2047 in
1221 2021 1364 2048 nataliciis
1389 2021 1554 2047 Sanctorum
1582 2020 1704 2054 qualiter
1722 2023 1843 2055 agantur

190 2074 306 2108 vigiliae
339 2075 374 2105 cf.
399 2073 480 2099 Aldh.
504 2081 584 2106 prosa
616 2072 648 2098 de
678 2073 742 2106 rz'ry.
766 2081 787 2098 c.
809 2072 866 2098 LX
896 2081 925 2105 p.
951 2076 1012 2105 322,
1041 2077 1073 2098 14
1104 2075 1242 2106 quatenus
1274 2073 1302 2098 in
1335 2074 1434 2098 sancta
1464 2072 1561 2105 synaxi
1593 2080 1654 2098 cum
1686 2072 1843 2099 veneranda

190 2125 361 2152 monasticae
380 2124 477 2151 classis
492 2127 605 2151 caterva
620 2144 643 2150 ..
660 2124 778 2151 creatori
793 2144 816 2150 ..
830 2124 987 2150 orationum
1007 2123 1249 2150 holocaustomata
1267 2144 1290 2150 ..
1308 2123 1450 2154 obtulerit,
1465 2123 1610 2150 Aellawnldi
1625 2123 1842 2156 (Aetlailwaldizs)

190 2178 263 2211 epist.
279 2176 315 2202 ad
333 2177 505 2210 Bonifatium
525 2176 577 2209 Ep.
593 2176 661 2201 Mer.
676 2175 753 2202 1363
780 2175 970 2208 memoriaque
993 2175 1112 2202 nominis
1136 2176 1221 2202 vestri
1243 2175 1270 2201 in
1298 2175 1421 2209 septenis
1439 2175 1667 2202 monasteriorum
1686 2176 1842 2201 nostrorum

191 2228 296 2255 sinaxis
316 2229 454 2261 perpetua
473 2227 534 2261 lege
556 2227 661 2253 censeri
687 2226 771 2253 debet
878 2227 926 2253 136
954 2226 1031 2257 aula,
1058 2235 1135 2258 casa,
1161 2227 1297 2261 tigillum,
1321 2228 1397 2253 tecta
1422 2226 1489 2252 idem
1515 2226 1672 2260 significant
1695 2225 1843 2258 aedificium

192 2279 241 2306 143
259 2278 340 2305 Azali.
349 2287 434 2312 prosa
451 2278 484 2305 de
502 2279 567 2312 rii-9.
581 2286 601 2304 c.
615 2278 704 2304 XXX
714 2286 742 2311 p.
756 2281 811 2309 961,
824 2282 854 2304 12
872 2277 981 2312 fragore
1000 2277 1142 2304 horrisono
1157 2290 1188 2300 =
1204 2278 1260 2304 XL
1269 2278 1327 2304 VII
1335 2286 1362 2310 1).
1373 2281 1432 2311 300,
1443 2282 1475 2303 22
1492 2278 1534 2309 (in
1552 2278 1709 2310 tetriymstutis
1726 2277 1843 2310 descrip-

191 2331 274 2364 tione)
293 2330 329 2356 D.
433 2330 482 2356 148
509 2330 664 2364 populante
685 2337 737 2362 pro
764 2329 922 2363 pullulante
947 2332 977 2354 ut
1002 2329 1029 2355 in
1054 2330 1118 2361 fam.
1137 2329 1215 2363 Hisp.
1235 2331 1270 2363 cf.
1290 2329 1322 2356 F.
1341 2329 1506 2361 Jenkinson,
1529 2329 1607 2355 Fam.
1629 2329 1708 2362 Hisp.
1721 2337 1749 2362 1³.
1763 2332 1841 2361 85sq.

190 2383 241 2409 150
259 2381 346 2408 c.111
359 2385 391 2408 27
408 2382 489 2407 Alma
508 2390 557 2415 per
582 2381 753 2407 adminicula
773 2381 902 2407 Hostium
921 2381 1016 2408 demat
1034 2381 1143 2415 spicula
1232 2382 1280 2408 159
1289 2389 1326 2414 sq.
1341 2393 1372 2403 =
1386 2381 1568 2412 dcficientibus
1585 2380 1698 2406 tenebris
1716 2379 1751 2411 cf.
1765 2379 1842 2405 Aldlo.

188 2442 271 2467 prosa
291 2433 323 2459 de
350 2434 412 2466 νίν-9.
430 2440 452 2459 c.
468 2433 593 2458 XXXV
607 2441 636 2466 p.
650 2436 746 2464 27:0‚15
770 2432 965 2466 limpidissimo
989 2432 1134 2459 lanternae
1159 2432 1263 2459 lichino
1291 2433 1437 2459 tenebrosa
1457 2431 1549 2465 caligo
1573 2431 1698 2461 fatescit;
1722 2430 1844 2456 similiter

190 2486 264 2518 epist.
273 2484 310 2510 ad
318 2485 401 2517 Ehfr.
411 2493 438 2517 p.
453 2488 512 2515 490,
528 2487 558 2510 13
571 2484 728 2511 facessante
741 2483 831 2511 noctis
845 2484 948 2511 nebula
962 2484 1010 2517 (cf.
1022 2484 1060 2510 ibi
1072 2483 1226 2517 adnotata),
1236 2492 1319 2516 prosa
1331 2483 1362 2509 de
1377 2484 1438 2517 cinq.
1451 2491 1471 2509 c.
1483 2482 1525 2508 JV
1534 2491 1561 2515 p.
1572 2485 1628 2514 231,
1643 2486 1674 2507 14
1687 2482 1842 2507 facessante

194 2536 355 2570 crepusculo
380 2538 408 2562 et
432 2538 526 2563 exorto
551 2535 741 2569 limpidissimi
761 2535 827 2562 solis
846 2535 950 2562 iubare.
987 2535 1126 2568 Epasnacl
1150 2536 1239 2561 Acirc.
1255 2543 1282 2567 p.
1302 2539 1343 2566 65,
1357 2539 1386 2560 14
1413 2534 1500 2560 furvis
1528 2533 1704 2560 tenebrarum
1727 2531 1842 2558 latebris

193 2587 366 2615 cessantibus
385 2589 414 2614 et
432 2587 574 2613 nocturnis
594 2587 752 2613 umbrarum
771 2586 901 2613 latibulis
926 2586 1126 2614 fatescentibus
1149 2588 1245 2613 exorto
1265 2585 1426 2619 crepusculo
1445 2585 1549 2611 clarum
1563 2586 1593 2610 et
1605 2592 1731 2610 croceum
1749 2582 1841 2617 limpi-

192 2638 335 2665 dissimum
349 2638 430 2664 iubar
443 2638 511 2664 totis
525 2640 659 2665 terrarum
678 2637 779 2664 finibus
791 2637 947 2664 infunditur
1035 2639 1085 2664 164
1104 2637 1239 2671 ‘sigillum
1253 2649 1284 2658 =
1298 2640 1390 2662 tectum
1415 2636 1493 2668 Corp.
1510 2636 1552 2661 Gl.
1572 2635 1597 2660 V
1604 2638 1653 2661 648
1671 2636 1704 2668 cf.
1718 2633 1797 2660 Aldk.
1810 2633 1842 2659 de

191 2690 257 2723 rirq.
280 2698 300 2716 r.
319 2692 392 2715 1028.
411 2692 491 2721 2402,
515 2697 597 2722 prosu
622 2697 644 2715 c.
660 2689 791 2714 XXXII
810 2692 932 2722 p.‘.’72‚5
963 2689 991 2714 in
1020 2688 1126 2723 proprii
1153 2688 1272 2714 domatis
1300 2687 1393 2721 tigillo
1419 2687 1452 2718 cf.
1476 2687 1570 2720 Rvyr.
1595 2685 1674 2713 Goth.
1698 2689 1759 2711 1904
1784 2690 1842 2718 με

192 2741 242 2767 166
262 2741 297 2773 cf.
310 2748 394 2773 supra
415 2749 434 2765 r.
450 2744 498 2766 1:20
