2183 3077
149 672 173 690 10

149 927 172 945 15

147 1181 172 1200 20

148 1440 173 1458 25

147 1699 173 1718 ³0

146 1957 171 1976 ³5

773 114 918 141 cuAR'rA
925 114 945 140 E
966 114 1263 140 ALDHELMIANAE.
1782 121 1843 148 511:ss

301 201 359 241 Ea,
385 211 467 242 quae
492 200 661 242 religiosae
686 201 935 232 conversationis
959 201 1073 231 intuitu
1097 200 1272 239 monachis,
1297 201 1396 232 servis
1413 201 1485 235 Dei,
1511 212 1567 242 pro
1592 203 1693 233 libera
1718 203 1843 234 vivendi

194 252 347 283 facultate
372 252 586 287 conferuntur,
611 262 672 282 nou
698 262 754 292 pro
780 251 1002 282 illecebrarum
1027 252 1166 290 lieentia,
1191 252 1247 282 sed
1266 262 1322 292 pro
1340 252 1511 283 sedulitate
1536 253 1617 283 bene
1635 254 1843 285 conversandi

193 308 225 334 et
249 303 362 334 divinis
385 303 540 334 servitii-*3²¹
563 314 597 334 se
622 303 708 343 ipsos
731 302 882 343 singulari
908 302 1067 333 desiderio
1092 303 1295 343 mancipandi
1326 304 1435 343 procul
1459 304 1556 334 dubio
1567 305 1579 321 '³
1603 316 1621 335 a
1646 306 1844 345 praesulibus

193 359 289 396 atque
320 354 494 386 cultoribus
526 353 596 384 Deo
629 353 780 384 decretae
808 353 1010 385 Christianae
1042 354 1224 394 religionisc
1249 354 1465 395 indulgentur,
1500 360 1534 386 ut
1569 366 1652 386 nexu
1686 356 1843 388 humanae

193 405 383 436 conditionis
405 406 508 443 exuti,
540 405 615 435 dum
643 405 684 435 ab
715 405 800 435 omni
825 415 956 435 munere
981 405 1191 435 saecularium
1226 405 1423 436 functionum
1453 406 1652 437 efficiuntur‘l
1678 409 1843 442 immunes,

193 457 274 487 sieut
296 457 502 498 professionis
526 467 637 487 eorum
662 456 773 497 regula
797 459 1003 496 protestatur,
1028 456 1098 486 Deo
1116 457 1242 497 penitus
1259 460 1373 487 vacent
1398 461 1429 488 et
1447 458 1515 488 eius
1532 459 1629 488 solius
1647 459 1708 489 sint
1732 460 1843 489 intenti

193 509 350 547 servitio⁰,
383 519 439 549 pro
468 509 556 539 cuius
580 508 756 539 maiestatis
781 508 960 539 reverentia
985 518 1046 538 non
1071 508 1173 538 solum
1198 507 1238 538 ab
1264 508 1413 539 oneribus
1438 509 1663 549 temporalium
1689 510 1843 541 ditionum

193 563 265 589 sunt
288 559 403 594 liberis,
428 559 485 589 sed
510 559 607 589 etiam
632 569 741 590 amore
765 559 928 600 religionis
952 560 1093 589 maximo
1118 559 1238 590 honore
1264 563 1357 590 sunta
1378 560 1475 600 digni.
1514 560 1604 591 Unde
1629 561 1800 601 poseente'¹
1826 572 1844 591 a

192 610 283 641 nobis
307 610 462 651 religione
488 610 615 649 vestran
640 614 675 640 ut
698 611 835 641 auctoris
859 611 966 642 nostri.
992 610 1077 641 beati
1102 610 1221 642 Petrik.
1247 611 1463 651 apostolorum
1492 612 1653 652 principis,
1678 612 1770 652 vice’,
1795 614 1843 643 eui

192 664 318 692 creator
334 665 365 692 et
382 661 567 702 redemptor
583 666 700 697 noster,
722 661 879 692 Dominus
896 661 986 692 Iesus
1004 661 1158 701 Christus,
1176 662 1282 693 claves
1300 662 1419 702 ligandi
1437 667 1533 703 atque
1552 663 1695 693 solvendi
1712 664 1742 694 in
1760 668 1845 695 terra

192 712 347 753 caeloque
379 711 528 753 dignatus
563 716 610 743 est
640 713 820 753 impertire,
852 713 939 743 euius
964 716 996 743 et
1020 723 1092 749 nOS,
1125 713 1200 743 lieet
1232 714 1384 754 impares,
1416 714 1591 744 ministerio
1621 715 1781 755 fungimur
1813 719 1845 745 et

192 764 362 795 ecclesiam
387 763 454 794 eius
478 763 540 794 Dei
564 763 749 805 dignatione
767 764 995 805 disponimusk,
1020 765 1247 795 monasterium
1272 764 1439 795 beatorum
1457 766 1675 806 apostolorum
1699 766 1788 797 Petri
1813 770 1846 796 et

191 814 323 851 Paulim,
352 815 438 856 quod
460 815 604 846 Meldum
634 816 803 856 religiosae
835 816 1010 846 memoriae
1046 815 1202 851 condidit,
1234 815 1319 857 quod
1349 817 1446 847 etiam
1475 827 1556 847 nune
1581 817 1844 859 Meldumcsburg

193 869 332 901 vocatur,
357 867 451 897 situm
476 867 507 897 in
531 867 693 908 provincia
722 866 873 901 Saxonia,
898 871 1014 907 atque'¹
1038 867 1124 897 aliud
1148 868 1392 903 monasterium,
1423 868 1507 908 quod
1532 869 1563 899 in
1588 868 1707 899 honore
1737 869 1845 900 Sancti

192 917 344 948 Iohannis
366 918 534 958 Baptistae
559 922 607 949 est
634 919 665 949 in
696 918 810 949 eadem
841 919 1003 959 provincia
1032 919 1170 959 positum
1201 919 1290 949 iuxta
1318 919 1462 953 fluvium,
1497 920 1550 960 qui
1574 924 1705 951 vocatur
1730 921 1843 959 F1-0n·¹‚

191 974 294 1010 quae⁰
318 973 406 1000 tuam
430 970 618 1010 religionem
639 969 710 1001 Deo
735 974 930 1010 cooperante
955 970 1087 1010 provide
1105 970 1310 1011 dispensa1·e¹‘
1334 971 1504 1001 multorum
1523 971 1663 1003 veridica
1688 972 1843 1003 relatione

191 1019 231 1051 ad
249 1031 305 1050 nos
322 1021 529 1061 pervolante‘¹
546 1022 761 1062 agnovimus*¹
779 1021 963 1062 apostolicis
979 1021 1155 1062 privilegiis
1172 1022 1369 1054 roboremus
1395 1023 1467 1063 piae
1486 1022 1648 1053 devotioni
1673 1023 1844 1055 facientesS

189 1081 354 1102 assensum
378 1071 542 1102 hortamur
565 1082 630 1108 vos,
655 1073 686 1102 in
709 1072 771 1103 Dei
796 1072 943 1103 laudibus
967 1076 1000 1103 et
1023 1072 1220 1103 orationibus
1244 1073 1403 1103 studiosos
1427 1075 1538 1114 atquet
1561 1075 1744 1115 pervigiles,
1769 1075 1842 1106 abs-

191 1123 355 1159 tinentiae,
379 1124 597 1162 castimoniae,
619 1123 830 1164 purifieationi
847 1124 1002 1154 tenaciter
1019 1124 1252 1161 inhaerentesu,
1278 1125 1506 1165 hospitalitatis
1524 1130 1620 1166 atque
1638 1126 1844 1158 humanitatis

191 1174 304 1205 officiis
332 1174 457 1205 deditos
481 1185 517 1205 ae
542 1174 689 1209 devotos
722 1174 925 1206 obedientiae
949 1178 1046 1216 atque
1075 1175 1263 1206 humilitatis
1289 1175 1405 1207 Christi
1430 1177 1568 1208 existere
1593 1187 1649 1207 vos
1673 1182 1843 1217 amatores,

191 1225 274 1256 circa
297 1226 432 1257 invicem
458 1226 510 1266 pia
534 1226 666 1257 caritate
691 1225 864 1257 concordes
895 1225 1054 1257 mandatis
1085 1226 1279 1266 spiritalibus
1308 1230 1340 1257 et
1367 1230 1549 1258 sanctorum
1574 1231 1700 1268 patrum
1725 1230 1844 1270 regulis

190 1277 357 1308 serviendo
392 1277 589 1318 apostolicae
622 1277 696 1308 fidei
729 1277 953 1308 rectitudinem
988 1278 1112 1308 illibate
1147 1288 1290 1318 servare,
1324 1278 1415 1309 bouis
1446 1279 1558 1309 studiis
1591 1290 1723 1320 operam
1756 1281 1842 1317 (lare,

192 1328 425 1359 humanitatem
450 1328 619 1369 egentibus
643 1333 675 1360 et
699 1329 895 1370 peregrinisv
918 1329 1116 1370 impendere,
1141 1329 1349 1360 ecclesiarum
1373 1330 1433 1361 Dei
1458 1330 1658 1371 praesulibus
1682 1336 1714 1362 et
1737 1342 1842 1363 sacer-

193 1380 321 1411 dotibus
337 1380 578 1411 venerationem
603 1380 745 1411 debitam
771 1380 935 1416 exhibere,
960 1380 1032 1411 Deo
1056 1391 1181 1420 vacare,
1208 1381 1390 1411 saeculares
1414 1392 1506 1412 curas
1531 1386 1563 1413 et
1587 1387 1738 1423 quaestus
1763 1384 1842 1414 effu-

192 1441 280 1473 gere,
305 1432 552 1473 temperantiam
577 1435 609 1462 et
632 1435 857 1472 paupertatem
881 1431 1026 1473 diligere,
1050 1432 1181 1472 psalmis
1205 1435 1237 1463 et
1259 1433 1387 1473 ymnisW
1411 1433 1626 1474 spiritalibusx
1649 1438 1746 1475 atque
1771 1445 1842 1465 ora-

193 1483 332 1514 tionibus
358 1482 494 1513 assiduis
522 1493 593 1514 cum
617 1483 688 1514 Deo
719 1483 913 1524 colloquium
946 1484 1102 1522 inserere,
1135 1483 1363 1514 abstinentiam
1396 1488 1560 1526 tamquam
1589 1486 1842 1526 purificationem

193 1535 334 1575 eorporis
358 1535 389 1564 in
413 1535 533 1565 eunctis
556 1535 641 1565 vitae
666 1534 779 1565 studiis
803 1534 969 1574 adhibere,
999 1535 1031 1565 in
1056 1534 1204 1566 omnibus
1229 1534 1291 1566 Dei
1315 1535 1475 1566 mandatis
1500 1537 1671 1567 alterutros
1700 1538 1842 1569 excitare

192 1589 225 1617 et
241 1586 464 1626 proficientesy
488 1586 519 1615 in
543 1585 656 1616 melius
673 1586 838 1621 aemulari,
863 1586 1036 1617 sollicitosz
1060 1587 1142 1617 cirea
1166 1587 1213 1617 sui
1238 1587 1376 1618 salutem
1401 1598 1470 1619 esse
1496 1592 1528 1618 et
1551 1589 1581 1618 in
1602 1588 1663 1619 Dei
1682 1590 1842 1630 praesidio

193 1637 363 1676 confidere,
387 1636 610 1668 immaculatos
626 1642 701 1668 vosa
724 1648 786 1667 non
810 1638 913 1668 solum
938 1648 956 1668 a
980 1639 1171 1679 contagione
1195 1639 1325 1671 carnali.
1350 1639 1406 1670 sed
1432 1639 1529 1670 etiam
1546 1651 1563 1670 a
1588 1640 1789 1671 sermonibus
1811 1645 1843 1672 et

192 1688 439 1729 cogitationibus
468 1689 592 1719 noxiisb
616 1688 789 1724 custodire,
821 1693 855 1720 nt
887 1690 1016 1720 castitas
1044 1693 1142 1730 atque
1173 1689 1331 1720 sobrietas
1362 1691 1503 1731 eorporis
1533 1691 1626 1722 simul
1651 1695 1684 1722 et
1714 1693 1842 1733 spiritus

191 1741 288 1771 vestri
312 1743 386 1770 ante
411 1738 472 1770 Dei
496 1739 605 1770 oculos
629 1739 745 1777 luceat,
770 1745 927 1781 quatenus
952 1744 984 1771 et
1001 1741 1132 1772 interior
1148 1741 1243 1771 homo
1270 1741 1373 1781 gratia
1390 1742 1514 1772 virtutis
1532 1742 1706 1774 illustretur
1730 1748 1762 1774 et
1785 1755 1841 1775 ex-

191 1792 290 1823 terior
312 1791 415 1821 bonae
441 1791 690 1822 conversationis
714 1795 811 1832 atque
836 1792 993 1832 opinionis
1017 1791 1166 1822 laudemc
1190 1793 1343 1832 optineat.

299 1843 381 1878 Quia
405 1843 501 1883 igitur
525 1841 641 1873 talibus
665 1846 793 1882 oportet
817 1842 869 1873 etd
894 1843 1031 1874 debetur
1054 1843 1245 1884 pontificalis
1271 1843 1491 1884 indulgentiae
1515 1844 1718 1885 beneficium,
1749 1856 1841 1886 prae-

191 1894 333 1926 sentibus
360 1893 544 1934 apostolicis
575 1893 750 1934 privilegiis
780 1894 944 1934 praedicta
970 1894 1167 1925 venerabilia
1195 1896 1392 1925 monasteria
1423 1895 1625 1927 decernimus
1658 1897 1841 1935 munienda,

191 1949 348 1987 quatenus
372 1944 430 1974 sub
454 1944 670 1975 iurisdictione
688 1948 784 1986 atque
809 1946 942 1976 tuitione
961 1946 1116 1986 eiusdem,
1141 1947 1191 1977 cui
1215 1950 1248 1977 et
1269 1957 1327 1977 nos
1344 1946 1551 1982 deservimus,
1576 1948 1714 1978 auctoris
1731 1949 1840 1983 nostri,

191 1997 278 2029 beati
299 1997 389 2028 Petri
412 1996 560 2037 apostoli,
585 2000 634 2027 ete
651 1997 728 2033 eius,
753 2007 849 2038 quam
871 1997 1102 2038 dispensamus,
1127 1998 1283 2029 ecclesiae
1308 2001 1340 2028 et
1360 2009 1442 2029 nunc
1464 1999 1526 2029 sint
1549 2000 1627 2029 etin
1650 2003 1840 2040 perpetuum

189 2051 412 2090 permaneant,
440 2048 522 2078 sieut
549 2051 603 2078 tua
626 2048 739 2089 religio
764 2048 880 2089 petiits,
903 2048 1084 2090 nulliusque
1109 2049 1239 2079 alterius
1267 2049 1476 2081 iurisdictioni
1501 2051 1586 2081 sintss
1609 2050 1754 2081 subiecta
1782 2061 1840 2081 nee

190 2099 378 2142 quisquamh
405 2100 627 2140 episcoporum
664 2099 732 2130 auti
761 2100 965 2132 sacerdotum
1004 2100 1055 2131 vel
1086 2100 1256 2131 cuiuslibet
1297 2101 1505 2132 ecelesiastici
1538 2101 1657 2132 ordinis
1688 2102 1840 2133 clericusk

292 2210 316 2242 t⁴)
334 2211 449 2236 seruiciis
468 2211 492 2235 Ii‘
579 2210 603 2243 b)
623 2211 711 2243 procul
731 2211 809 2235 dubio
829 2211 998 2243 mancipando
1024 2210 1055 2234 W
1123 2212 1146 2241 ⁰)
1166 2211 1289 2243 religione
1308 2210 1332 2234 R
1434 2210 1459 2241 d)
1478 2212 1622 2236 effitiunmr
1640 2212 1728 2245 (iufra
1746 2215 1841 2245 offitiis,

189 2254 345 2285 benefitium,
364 2254 498 2286 provintia.
519 2255 644 2284 fatientes,
664 2254 765 2285 iuditio)
791 2253 822 2276 ΙΓ
911 2254 933 2283 ⁰)
952 2254 1061 2278 seruieio
1081 2253 1105 2277 R
1206 2252 1224 2284 s)
1244 2254 1344 2278 liberali
1365 2254 1389 2277 R
1486 2254 1510 2283 a)
1530 2255 1581 2279 sint.
1599 2264 1714 2287 suprasc.
1729 2262 1789 2281 sunt
1815 2257 1844 2280 W

189 2297 242 2322 cod.
261 2297 319 2322 coll.
342 2297 431 2329 Maga.
453 2296 533 2321 Oxou.
638 2295 663 2326 h)
692 2297 994 2329 poscente—tribuimus
1017 2297 1091 2321 etiam
1117 2296 1166 2326 W‘,
1195 2305 1246 2321 una
1269 2301 1390 2329 poscente
1410 2297 1434 2321 R
1540 2296 1557 2329 i)
1587 2298 1710 2330 religione
1729 2304 1774 2324 tua
1800 2300 1841 2322 11⁷²

188 2338 213 2370 k)
232 2340 299 2365 beati
317 2340 385 2364 Petri
404 2344 426 2364 et
443 2340 680 2372 eui—disponimus
698 2348 746 2364 οπι.
766 2339 808 2362 W'2
866 2338 884 2369 ¹)
904 2341 971 2365 uitae
984 2339 1009 2364 R
1070 2339 1102 2370 ¹¹¹)
1116 2340 1184 2364 Petri
1203 2344 1229 2364 et
1246 2340 1323 2364 Pauli
1343 2340 1517 2372 apostolorum
1538 2340 1561 2364 R
1620 2341 1645 2371 ¹¹)
1659 2343 1839 2373 atque—Fron

188 2391 236 2407 om.
256 2381 297 2406 11⁷²
388 2384 411 2413 0)
431 2383 499 2414 quod
524 2382 565 2405 W'l
652 2382 678 2412 P)
699 2383 846 2414 dispensare
864 2383 998 2408 didicimus
1018 2383 1042 2407 R
1129 2382 1154 2413 q)
1176 2383 1209 2407 ad
1228 2391 1274 2407 nos
1294 2383 1442 2414 pervolante
1462 2392 1510 2408 om.
1531 2383 1562 2406 11·
1637 2384 1657 2414 r)
1682 2385 1750 2416 quod
1769 2391 1839 2410 tuam

188 2425 336 2457 religionem
355 2426 460 2458 prouide
482 2426 628 2458 dispensare
655 2426 824 2457 eognouimus
851 2426 949 2450 omissis
967 2427 1021 2451 Deo
1044 2430 1196 2457 cooperante
1214 2429 1237 2449 et
1256 2426 1594 2458 multorum—agnouinnu·
1618 2425 1659 2448 Πη
1764 2426 1784 2457 s)
1805 2429 1839 2451 sa-

187 2473 276 2493 uentes
294 2467 326 2498 R,
350 2469 406 2500 piae
425 2469 540 2500 petitioni
560 2469 672 2493 fauorem
694 2469 831 2493 tribuimus
857 2468 898 2491 W‘
1002 2469 1022 2499 θ)
1045 2476 1111 2500 aque
1131 2468 1155 2492 R
1259 2468 1284 2498 ¹¹)
1309 2469 1461 2493 inhabentes
1479 2468 1504 2492 R
1608 2468 1632 2499 v)
1656 2470 1796 2501 peregrinis
1815 2474 1838 2494 et

188 2511 322 2543 egentibus
348 2510 379 2534 W
462 2511 492 2542 w)
512 2511 586 2535 imnis
605 2520 624 2535 s.
638 2510 655 2535 l.
670 2511 685 2535 h
711 2511 743 2534 W
758 2511 813 2536 cod.
825 2512 882 2536 coll.
897 2512 986 2543 Maycl.
1004 2511 1049 2536 Ox.
1120 2511 1145 2541 ¹)
1169 2511 1345 2543 spiritualibus
1365 2511 1439 2535 codd.
1456 2511 1513 2535 edd.
1584 2511 1608 2532 ΥἸ
1628 2512 1787 2543 perficientes
1809 2513 1838 2541 Ii',

189 2554 344 2585 profluentes
368 2553 400 2576 W
501 2553 523 2584 2)
551 2554 674 2578 sollicitos
697 2555 765 2579 eirea
789 2555 829 2578 sui
852 2555 960 2579 salutem
986 2559 1011 2579 et
1038 2555 1194 2587 profitientes
1219 2555 1244 2578 in
1269 2554 1360 2578 melius
1383 2553 1491 2577 emulari
1518 2553 1549 2576 W
1564 2554 1618 2578 cod.
1636 2554 1690 2581 01η,
1710 2554 1754 2578 secl
1772 2559 1838 2579 recto

188 2596 278 2620 ordine
300 2596 412 2620 indicato
516 2597 539 2627 θ)
567 2604 622 2621 sese
642 2596 665 2620 R
769 2595 794 2628 b)
820 2598 981 2622 sermonibus
1000 2598 1083 2621 noxiis
1101 2602 1125 2621 et
1143 2597 1344 2628 cogitationibus
1370 2596 1399 2619 W
1502 2596 1524 2626 e)
1552 2597 1662 2620 exterior
1681 2597 1762 2621 bonae
1780 2606 1838 2621 eon-

189 2639 341 2663 uersationis
364 2639 464 2663 laudem
488 2643 566 2670 atque
590 2639 718 2671 opinionis
743 2639 774 2662 W
798 2640 853 2664 cod.
875 2640 967 2667 Oxou..
995 2640 1039 2664 sed
1066 2648 1132 2664 corr.
1150 2644 1227 2671 atque
1252 2639 1379 2670 opinionis
1409 2639 1510 2663 laudem
1641 2637 1666 2669 d)
1690 2645 1787 2671 oportet
1814 2646 1838 2664 et

189 2689 236 2705 om.
255 2681 286 2703 W
383 2681 406 2711 θ)
425 2685 449 2706 et
467 2689 515 2706 om.
528 2681 553 2705 B
653 2680 672 2713 s)
691 2682 822 2711 eeclesiae,
841 2683 908 2707 sient
927 2688 971 2707 tua
998 2682 1087 2714 religio
1106 2683 1186 2714 petiit,
1207 2686 1231 2706 et
1250 2689 1318 2705 nune
1337 2689 1392 2705 esse
1411 2686 1435 2705 et
1455 2682 1630 2712 imperfectum
1650 2689 1795 2713 permanere
1817 2682 1839 2705 Ii*

188 2723 213 2754 8)
232 2731 287 2748 esse
306 2723 330 2747 R
417 2722 443 2753 ι1)
462 2732 509 2748 nee
527 2732 654 2755 quemque
673 2724 697 2748 R
784 2723 802 2755 i)
821 2733 852 2749 ae
871 2725 894 2748 R
982 2723 1007 2756 k)
1025 2725 1147 2749 clericum
1168 2724 1191 2747 R

292 2776 434 2799 Atcrom-:s
452 2776 640 2803 Annomssrm
660 2775 715 2800 XV.
1598 2773 1631 2798 ⁴55
