2183 3077
743 87 788 113 ET
803 88 851 113 AD
866 86 1095 113 ALDHELMVM
1114 87 1322 113 EPISTVLAE.
1797 92 1859 122 487

311 173 427 200 Codices:
448 174 480 199 D
495 185 524 195 z
539 172 598 199 cod.
614 171 793 198 Britannicus
808 174 822 196 7
833 170 860 197 D
876 170 987 196 XXIV
999 178 1065 197 saec.
1082 171 1111 197 Χ
1127 171 1174 203 fol.
1191 173 1252 198 126⁶
1267 175 1336 205 (post
1347 180 1456 206 prosam
1475 173 1505 198 (le
1518 174 1580 206 πίνῃ.
1594 174 1628 205 cf.
1641 182 1668 207 p⁴
1683 174 1751 205 222).
1790 175 1816 199 ('
1828 187 1859 197 Ξ

203 217 261 244 cod.
277 217 454 244 Britannicus
475 216 577 242 Cotton.
590 216 688 242 Domit.
701 216 723 240 A
738 218 753 241 9
771 222 837 240 saec.
851 214 880 239 X
891 214 939 247 sol.
949 217 1017 240 3-7
1029 214 1098 247 (cod.
1109 215 1290 240 miscellaneus
1303 216 1415 241 mascime
1428 216 1502 241 raria
1516 216 1655 241 continens
1668 217 1702 247 cf.
1717 216 1861 250 Cataloyuc

206 261 278 286 1:1‘111.
295 260 393 286 Cotton.
407 259 524 285 London
539 262 606 285 1802
615 266 641 291 p.
657 259 726 290 573).
758 257 784 282 A
802 268 833 278 =
846 256 900 283 cod.
914 256 1080 282 Bodleianus
1100 256 1190 291 Diqby
1209 261 1255 283 14⁶
1268 266 1334 283 saec.
1350 258 1379 283 X
1389 258 1436 290 fol.
1452 263 1482 283 31⁵
1494 259 1555 283 olim
1568 258 1779 285 Abendonicnsis
1791 261 1861 292 (post

202 311 311 337 prosam
325 303 356 329 de
366 303 428 337 virq.
440 304 474 336 cf.
483 303 585 334 12:213).
613 302 634 327 S
645 312 675 322 =
686 300 742 326 cod.
753 298 953 325 Sarisbcriensis
966 308 992 325 n.
1003 302 1035 325 38
1048 308 1116 326 saec.
1130 299 1160 325 X
1172 300 1230 333 (fol.
1240 304 1255 326 2
1266 312 1295 322 =
1310 305 1350 332 94,
1363 305 1437 327 27-95
1453 302 1501 332 (r'.,·
1513 301 1558 332 fol.
1573 307 1582 327 1
1595 313 1625 323 -ε
1639 306 1677 332 αι,
1689 306 1788 331 21-93,
1797 306 1812 328 4
1827 303 1859 328 (ν’.

205 348 280 378 (ante
290 354 395 379 prosam
405 345 436 371 de
450 345 511 378 vira.
522 345 558 377 cf.
567 353 594 377 p.
605 345 680 374 221),·
695 343 800 368 dubitat
815 342 849 368 A.
861 342 966 374 Napier
975 342 1088 375 (dualia
1102 343 1130 368 X
1138 343 1160 367 V
1168 346 1221 375 26),
1231 351 1295 368 num
1305 344 1420 376 epistula
1430 344 1510 369 initio
1520 344 1556 369 ad
1564 344 1676 370 codicem
1688 352 1761 370 nunc
1771 344 1860 370 denuo

204 390 316 422 liqatum
325 388 495 422 pertinuerit,
507 387 552 413 sed
563 387 663 412 invenit
677 394 733 411 eam
747 393 806 411 cum
818 392 899 417 prosa
909 385 1082 410 coniunctum
1093 386 1147 410 iam
1160 385 1337 411 H'liartonius
1347 390 1429 416 mni,-
1442 386 1474 412 de
1487 386 1575 412 codice
1588 388 1622 418 cf.
1632 387 1683 418 (M.
1696 387 1861 421 Tlmmpson)

205 434 229 457 A
252 431 395 465 Catalaque
412 432 445 464 of
459 430 501 456 the
519 430 621 463 library
639 429 674 461 of
688 428 728 454 the
746 427 884 454 cathedr-al
900 427 999 453 churcli
1018 428 1052 458 of
1061 427 1201 461 Salisbury
1216 427 1327 454 London
1344 432 1412 455 1880
1421 438 1449 462 p.
1464 434 1486 455 v.
1523 430 1553 455 lt
1568 441 1599 451 =
1612 430 1666 456 cod.
1681 430 1860 456 Britannicus

206 535 290 561 rersio
309 535 419 568 anylica
437 533 543 559 saeculo
560 532 662 558 demum
681 531 780 557 decimo
799 531 828 555 in
847 530 932 556 codice
947 529 1169 562 Lindisfarnensi
1190 530 1225 555 sit
1244 530 1347 556 addita.
1378 530 1433 556 Nec
1444 531 1536 557 melius
1548 539 1591 557 res
1603 532 1676 557 cessit
1699 532 1733 558 II.
1749 532 1861 558 Halmio

205 587 336 619 (Bonifaz
351 595 379 619 p.
391 589 414 614 6.
428 588 451 611 3.
471 588 510 616 22,
524 585 551 618 6)
570 583 726 616 conicienti,
748 581 919 614 Aldfridum,
943 590 1026 615 rcyem
1045 581 1339 613 Nartanliumbrorum,
1362 591 1421 608 cum
1443 590 1519 615 quem
1538 583 1642 609 Acircii
1667 584 1772 609 nomine
1797 583 1860 609 allo-

205 638 300 671 quitur
319 637 480 667 Aldlielmus,
498 636 529 661 in
547 635 598 661 hac
615 634 729 668 epistula
746 633 780 659 ab
800 633 939 659 Aldhelmo
958 641 1011 658 esse
1029 633 1186 660 salutatum.
1228 633 1299 659 Huic
1318 634 1492 666 coniecturae,
1510 634 1555 660 cui
1573 634 1702 659 adsensus
1720 638 1756 660 est
1776 635 1862 660 Boen-

205 690 304 722 lmffius
323 688 467 722 (Aldlielm.
477 695 505 720 p.
520 688 635 719 99sqq.),
653 694 701 720 cyo
720 694 776 711 non
791 693 902 718 possum
921 685 1060 711 adsentiri.
1098 684 1169 710 Nam
1190 687 1219 710 ut
1243 685 1322 710 ctiam
1341 685 1405 711 huic
1424 685 1528 711 nomini
1546 685 1706 711 adrcrsatur
1723 686 1813 717 forma
1831 686 1861 712 in

205 740 340 767 codicibus
359 739 473 771 tradita,
495 739 534 764 ita
554 746 588 764 ne
605 738 678 763 lium:
696 736 802 770 quidem
820 737 852 762 in
870 737 1029 763 Hiberniam
1048 737 1135 770 ipsam
1156 737 1286 763 secessisse
1305 741 1462 771 compertum
1486 738 1623 770 habemus,
1647 738 1707 764 licet
1726 748 1743 763 a
1762 739 1860 764 Scottis

203 793 239 819 sit
257 792 391 823 eruditus,·
410 791 475 817 rioeit
492 791 561 816 enim
580 789 756 822 aliquamdiu,
775 791 804 814 ut
823 788 900 815 Beda
919 789 949 814 in
967 789 1022 814 rita
1043 788 1178 814 authberti
1196 796 1217 814 c.
1233 792 1265 814 *24
1284 788 1358 821 dicit,
1379 788 1413 814 ob
1433 788 1526 815 studia
1545 789 1572 815 in
1593 789 1690 815 insulis
1707 789 1860 820 Scotorum,

203 847 234 870 ut
251 844 405 870 accuratius
423 842 487 868 dicit
505 845 601 867 auctor
619 848 769 874 anonymus
789 841 857 866 ritae
878 839 1013 866 C'ulliberti
1031 841 1090 872 §23
1114 840 1162 873 (cf.
1179 839 1262 865 Halm
1281 840 1297 865 l.
1311 839 1340 873 l.)
1360 839 1388 866 in
1408 839 1506 870 insula,
1530 849 1614 873 quam
1633 840 1676 874 Hy
1700 841 1858 871 nominant;

200 896 333 929 planeque
345 895 379 920 ab
393 895 448 920 eius
459 901 573 927 persona
587 892 719 924 abhorret,
739 891 809 924 quod
822 890 978 917 Aldlzelmus
989 899 1047 916 cum
1060 890 1192 923 admonet,
1210 893 1238 916 ut
1252 891 1307 916 iam
1321 891 1442 924 magistri
1454 899 1552 916 munus
1570 892 1600 916 in
1613 891 1767 917 Britannia
1778 891 1860 917 obeat.

204 946 255 973 Nil
272 947 354 980 >igJitur
371 947 468 971 scimus
486 945 518 971 de
538 944 670 978 Elis'rido,
696 944 749 969 nisi
771 951 838 976 quae
860 950 892 968 ea·
910 943 1023 975 epistula
1046 945 1257 976 cogyvioscmitw‘5
1279 950 1347 975 quae
1369 945 1457 968 tamen
1478 943 1578 975 partim
1604 942 1754 968 divinanda
1778 943 1861 974 niaqis

203 1001 268 1024 sunt
287 1006 368 1031 quam
382 996 565 1023 concludenda
580 998 691 1029 propter
708 995 820 1020 nimiam
838 1002 892 1027 qua
912 995 941 1019 in
959 1002 990 1020 ea
1009 994 1132 1020 consulto
1150 993 1188 1019 rel
1205 993 1278 1019 ultra
1297 1001 1394 1019 morem
1413 997 1567 1019 consuetum
1585 1002 1650 1020 usus
1668 996 1705 1019 est
1723 994 1860 1020 verborum

205 1049 401 1081 obscuritatem,
425 1049 616 1075 sententiarum
630 1046 827 1080 qnaliaeitatem,
852 1045 1029 1071 tralationum
1051 1045 1242 1078 frequentiam,
1261 1044 1391 1070 dictionis
1413 1044 1634 1071 redundantiam.
1665 1045 1734 1071 Fuit
1753 1046 1862 1071 natione

206 1102 370 1133 Britannus,
390 1108 473 1133 usque
491 1099 528 1125 ad
546 1098 751 1124 adolescentiam
769 1097 800 1122 in
813 1097 965 1123 Britannia
990 1111 1019 1115 —
1041 1096 1087 1122 sed
1105 1104 1160 1122 non
1173 1096 1361 1122 Malmesbm-ii
1375 1111 1405 1115 —
1419 1096 1549 1129 eruditus,
1568 1097 1664 1123 deinde
1678 1105 1727 1130 per
1743 1105 1788 1122 sea*
1805 1097 1861 1128 fere

205 1161 294 1179 annos
311 1153 367 1184 (ter
385 1152 450 1178 bino
469 1151 581 1178 circiter
593 1158 727 1176 annorum
742 1149 858 1181 circulo)
876 1149 905 1174 in
919 1148 1055 1174 Hibernia
1068 1156 1127 1174 cum
1140 1148 1232 1174 multis
1246 1148 1432 1181 popularibus,
1453 1148 1507 1181 qui,
1527 1156 1688 1181 quamquam
1706 1149 1760 1181 ipse
1772 1149 1862 1173 minus

204 1212 245 1231 eos
264 1204 360 1230 colebat
383 1204 510 1237 (quorum
531 1201 712 1229 contubernio
732 1208 881 1234 parumper
899 1200 986 1226 fretus
1006 1202 1059 1233 es),
1081 1200 1300 1233 praeclarissima
1319 1199 1350 1225 de
1367 1207 1396 1225 eo
1418 1200 1448 1225 in
1467 1200 1587 1232 patriam
1608 1199 1768 1231 scribebant,
1794 1208 1862 1226 com-

204 1258 325 1282 moratus
347 1254 442 1281 litteris
464 1253 540 1287 apud
558 1253 685 1279 Scotticos
703 1253 844 1286 mayistros
861 1254 965 1277 strenue
983 1259 1090 1284 operam
1109 1251 1196 1282 (ledit,
1221 1259 1273 1284 quo
1295 1251 1326 1276 in
1344 1251 1517 1283 monasterio,
1541 1259 1597 1276 non
1615 1250 1681 1277 dicit
1700 1251 1861 1283 Aldhelmus,

203 1307 246 1334 sed
265 1307 421 1333 monachum
433 1314 492 1332 eum
509 1305 594 1338 fuisse
611 1304 674 1330 inde
686 1304 757 1336 effici
775 1303 885 1335 ridetur,
904 1303 976 1336 quod
993 1312 1050 1329 eum
1069 1303 1230 1329 sodalitatis
1248 1303 1388 1329 fraternae
1408 1302 1539 1329 clientem
1552 1302 1659 1336 altique
1672 1303 1861 1336 municipatus

204 1358 374 1393 municipem
393 1357 519 1391 appellat.
551 1357 612 1382 Iam
631 1357 662 1382 in
675 1356 798 1389 patriam
818 1363 946 1381 rerersum
964 1355 1053 1388 ipsum
1071 1355 1111 1380 ibi
1128 1362 1315 1381 remansurum
1334 1362 1416 1387 eaque
1430 1354 1610 1387 popularibus
1629 1354 1791 1380 traditurum
1809 1361 1862 1379 esse

203 1413 301 1443 sperat,
319 1418 388 1443 quae
406 1409 436 1435 in
455 1409 590 1435 Hibernia
609 1407 740 1434 didicerit.

314 1461 449 1495 Temporis
467 1460 571 1486 indicia
593 1468 649 1486 rum
671 1462 736 1486 sunt
761 1459 854 1485 clara.-
875 1467 961 1484 unum
979 1461 1097 1490 constat,
1121 1458 1220 1484 rii-ente
1244 1458 1322 1484 etiam
1341 1460 1397 1483 tum
1420 1457 1554 1483 Theodoro
1572 1457 1770 1490 archiepiscopo
1791 1456 1862 1483 Can-

204 1514 346 1546 tuariensi,
364 1513 411 1547 qui
427 1513 491 1539 obiit
503 1521 528 1539 a.
541 1516 598 1544 690,
617 1511 760 1545 epistulam
772 1519 825 1537 esse
837 1511 965 1543 scriptam
978 1510 1024 1543 (cf.
1033 1518 1062 1543 p.
1075 1513 1124 1536 493
1136 1509 1229 1536 adnot.
1242 1509 1278 1543 k).
1310 1509 1395 1535 Plura
1410 1511 1432 1535 et
1446 1509 1619 1535 accuratiora
1632 1509 1677 1534 rix
1689 1516 1721 1534 ex
1733 1509 1862 1542 epistulae

204 1566 286 1592 rcrbis
295 1567 410 1599 possunt
423 1564 490 1596 elici,
511 1564 631 1597 quamvis
648 1563 786 1590 reri-simile
798 1563 831 1589 sit
850 1571 984 1596 nmquam,
1003 1570 1058 1595 qua
1070 1562 1126 1587 iam
1143 1562 1254 1595 florebat
1270 1561 1457 1594 Cantauriani,
1477 1560 1580 1586 laudem
1590 1568 1640 1594 per
1658 1560 1824 1586 Theodoram
1837 1563 1860 1586 ct

206 1617 383 1643 Hadrianum
396 1616 513 1643 scholam
525 1615 599 1640 illam
618 1617 731 1647 tempore
743 1614 847 1640 demum
859 1622 888 1640 co
901 1621 954 1639 esse
967 1613 1127 1645 adsecutum,
1147 1621 1200 1646 quo
1213 1622 1230 1638 a
1238 1613 1332 1646 patria
1346 1612 1438 1638 aberat
1449 1611 1590 1643 Elitridus.
1620 1611 1661 1637 Ne
1674 1611 1737 1637 inde
1749 1611 1860 1644 quidem,

205 1668 276 1702 qnod
297 1669 327 1694 in
353 1668 407 1700 fine
430 1675 463 1693 ea:
480 1667 600 1693 carmine
618 1665 649 1692 de
668 1665 821 1699 riryinitate
847 1668 965 1698 quatuor
988 1665 1067 1696 affert
1089 1672 1188 1696 rersus,
1214 1672 1254 1690 res
1271 1663 1378 1696 definiri
1392 1666 1493 1696 potest;
1520 1665 1637 1689 attamen
1658 1671 1715 1689 cum
1735 1671 1756 1688 c.
1771 1672 1795 1689 a.
1810 1666 1862 1689 666

205 1721 333 1752 scriptum
344 1720 379 1745 sit
392 1727 507 1751 carmen,
520 1721 588 1744 certe
600 1717 717 1750 epistula
730 1717 798 1743 inter
809 1724 897 1742 annos
909 1720 958 1742 656
967 1732 986 1735 -
995 1720 1045 1742 690
1057 1716 1156 1749 scripta
1168 1716 1201 1741 sit
1214 1718 1322 1749 oportet,
1342 1717 1379 1741 ita
1392 1718 1422 1741 ut
1435 1715 1517 1741 abbas
1530 1716 1613 1749 fuerit
1627 1718 1683 1740 tum
1696 1715 1861 1746 Aldlielmns,

205 1780 265 1797 cum
284 1771 352 1797 talia
369 1770 503 1802 scriberet,
521 1777 576 1795 non
595 1772 649 1795 tam
668 1769 824 1795 monasterii
840 1768 892 1800 sui,
912 1776 992 1800 quam
1012 1768 1121 1801 patriae
1141 1776 1205 1794 suae
1229 1775 1339 1794 causam
1354 1775 1455 1801 yerens.
1492 1767 1611 1792 Maximi
1629 1769 1715 1792 autem
1738 1766 1862 1792 momenti

205 1826 244 1849 est
261 1823 374 1856 effistula
393 1822 430 1848 ad
447 1822 572 1848 eximiam
589 1821 672 1853 illam,
693 1829 747 1853 qua
761 1819 895 1853 pollebant
912 1821 968 1844 tum
986 1819 1115 1851 Hiberni,
1134 1819 1319 1845 auctoritatem
1343 1819 1548 1851 maximamque,
1574 1827 1628 1851 qua
1651 1818 1754 1843 scholas
1773 1825 1862 1843 eorum

205 1876 407 1908 Anylosaoeones
431 1873 556 1904 adibant,
579 1873 757 1906 frequentiam
783 1872 986 1898 luculentissime
1004 1870 1183 1896 illustrandas
1205 1870 1240 1902 cf.
1264 1871 1300 1896 H.
1314 1871 1436 1901 Zimmer,
1457 1870 1487 1896 Z.
1500 1870 1520 1901 f.
1534 1869 1558 1895 d.
1573 1871 1606 1895 A.
1623 1869 1755 1895 XXXII
1766 1872 1817 1895 202
1837 1871 1862 1895 et

205 1927 340 1953 I‘lunnner
356 1926 392 1952 ad
411 1925 514 1952 Bedam
533 1925 603 1950 Hist.
616 1923 814 1950 eccles.11127
825 1934 857 1944 =
872 1923 918 1949 rol.
933 1923 971 1949 II
979 1927 1043 1954 196,·
1061 1931 1110 1949 cur
1128 1925 1215 1949 autem
1234 1923 1280 1954 sic,
1299 1925 1329 1948 ut
1347 1922 1468 1955 scripsit,
1487 1921 1619 1954 scripserit
1637 1920 1792 1946 Aldlnelmus
1810 1921 1827 1946 i.
1841 1929 1862 1946 c.

204 1979 263 2005 stilo
281 1978 347 2004 adeo
361 1985 495 2011 perverso,
514 1980 544 2002 ut
562 1977 653 2002 onmia
671 1976 797 2002 sermonis
815 1976 859 2001 sui
883 1976 1003 2008 artificia
1026 1975 1147 2009 quaesita
1168 1975 1341 2008 perrersitatc
1358 1975 1437 2000 etiam
1455 1975 1602 2007 superaret,
1621 1973 1669 1998 hoc
1687 1972 1764 1998 credo
1781 1973 1862 1998 etiam

205 2038 279 2056 nunc
299 2038 376 2063 posse
395 2029 579 2056 dcuumstrari.
617 2029 711 2054 Monet
729 2027 885 2054 Aldhelmus
904 2027 1055 2059 Ehfridum
1078 2027 1206 2058 reducam,
1229 2027 1258 2052 in
1277 2026 1431 2053 Britannia
1458 2026 1554 2059 optime
1576 2026 1629 2051 iam
1649 2025 1787 2058 proris-um
1809 2032 1862 2050 esse

204 2082 300 2108 litteris
321 2082 519 2114 iurentutisque
543 2079 712 2106 institutioni
736 2087 785 2105 nec
807 2079 863 2104 iam
888 2087 952 2111 esse,
980 2087 1029 2104 cur
1051 2079 1156 2104 iuvenes
1178 2078 1329 2104 doctrinam
1357 2077 1389 2103 ab
1414 2077 1545 2103 Hibernia
1574 2079 1723 2109 quaerant;
1749 2079 1779 2102 ut
1804 2084 1864 2102 rero

205 2133 334 2165 ostendat,
355 2142 386 2159 ea
405 2132 502 2166 quibus
515 2131 598 2158 Scotti
615 2139 677 2157 suos
690 2131 769 2157 libros
786 2130 920 2157 ornabant
939 2138 1058 2163 quaeque
1075 2131 1106 2155 in
1123 2129 1225 2156 deliciis
1242 2133 1299 2156 tum
1318 2129 1372 2155 illic
1390 2129 1480 2155 habita
1499 2136 1552 2154 esse
1564 2128 1686 2160 ridemus,
1706 2135 1761 2153 non
1773 2128 1863 2153 minus

205 2194 285 2219 quam
302 2185 334 2210 in
352 2185 486 2211 Hibernia
503 2184 583 2210 etiam
605 2184 635 2209 in
654 2183 803 2209 Britannia
823 2181 943 2208 adhiberi
961 2183 1042 2214 atque
1060 2181 1089 2206 in
1110 2189 1160 2206 usu
1178 2189 1242 2212 csse,
1267 2180 1443 2213 eandemque,
1468 2188 1548 2212 qaam
1572 2180 1602 2205 in
1620 2179 1714 2205 Scottis
1737 2179 1863 2212 discipuli

207 2237 422 2268 admirabantur,
441 2236 574 2262 solertiam
594 2235 674 2269 riyere
693 2234 768 2268 apud
785 2234 986 2267 Anylosaccones
1005 2233 1146 2266 mayistros
1165 2233 1196 2258 in
1214 2232 1351 2259 scribendo
1371 2232 1487 2257 Scottica
1508 2231 1634 2264 artificia,
1653 2230 1782 2257 *S'cotticas
1800 2239 1862 2257 con-

205 2288 364 2320 suetudines,
387 2288 528 2314 Scotticam
546 2302 579 2306 -
594 2289 624 2313 ut
643 2287 682 2312 itai
699 2286 788 2312 dicam
807 2301 837 2305 —
856 2286 1004 2312 doctrinam
1024 2286 1174 2312 aemulatur
1191 2287 1272 2318 atque
1289 2283 1327 2310 ad
1345 2284 1411 2309 talia
1436 2292 1514 2310 suum
1532 2282 1640 2309 dicendi
1655 2291 1739 2316 uenus
1760 2283 1861 2317 diriyil,

206 2340 300 2374 qualia
328 2340 406 2373 quasi
429 2339 460 2364 in
485 2338 624 2373 sinyulmi
647 2337 858 2372 elegantissimae
880 2337 1010 2364 dictionis
1033 2337 1172 2370 specimine
1194 2335 1311 2362 ridemus
1334 2336 1365 2361 in
1388 2335 1539 2368 Hispericis
1562 2334 1725 2366 faminibus,
1753 2342 1864 2366 quorum

206 2395 325 2418 auctores
343 2391 484 2418 Ausonica
511 2391 548 2417 rel
565 2390 711 2423 Hisperiaea
730 2390 748 2416 i.
762 2397 780 2415 e.
802 2397 858 2415 rere
878 2389 1004 2415 Romana
1031 2389 1168 2415 latinitate
1194 2388 1238 2414 uti
1259 2387 1311 2413 sibi
1338 2387 1461 2413 ridentur
1487 2387 1522 2418 cf.
1541 2387 1578 2413 H.
1595 2387 1718 2418 Zimmcr,
1742 2385 1862 2418 Gottina.

210 2443 266 2469 Gel.
282 2443 346 2469 ΑΜ.
367 2446 430 2469 1895
445 2450 472 2475 p.
488 2446 542 2468 165.
581 2440 646 2467 Cum
665 2441 734 2466 ln'sce
752 2441 834 2467 multa
853 2441 1002 2467 communia
1020 2440 1114 2466 habire
1130 2440 1273 2473 epistulam
1295 2438 1332 2464 ad
1350 2438 1499 2470 Ehfridnm
1521 2439 1626 2471 primus
1648 2445 1697 2462 suo
1720 2437 1777 2462 iure
1797 2436 1861 2462 vidit

205 2495 246 2521 M.
262 2495 356 2528 Royer,
377 2494 602 2527 L’enseiynement
622 2492 666 2518 des
685 2493 769 2519 lettres
787 2493 930 2526 clussiquae
951 2492 1088 2518 d'Ausone
1107 2492 1124 2517 ὰ
1143 2491 1243 2517 Alcuin
1258 2499 1287 2524 p.
1301 2493 1351 2516 293
1369 2499 1396 2515 n.
1409 2493 1457 2515 256
1481 2491 1597 2521 recteque
1619 2488 1746 2513 adsensus
1771 2490 1809 2513 est
1834 2489 1861 2513 in

205 2547 313 2580 egregia
331 2546 466 2578 fantinum
485 2545 597 2572 editione
615 2545 650 2571 F.
659 2544 818 2571 Jenh'nson.
850 2544 955 2570 Graeca
976 2543 1012 2570 rel
1032 2543 1201 2569 Graecanica
1220 2542 1305 2574 rerba,
1323 2542 1389 2574 quin
1407 2541 1486 2566 etiam
1503 2540 1614 2572 phrases
1635 2540 1760 2570 (buccas,
1778 2547 1864 2572 quem-

206 2597 348 2624 admodum
369 2598 448 2623 ctiam
467 2605 486 2623 e.
500 2605 525 2630 y.
539 2596 654 2630 hymnus
665 2595 882 2628 Benchoriensis,
900 2595 1021 2621 adhibet:
1039 2595 1141 2627 confer,
1160 2596 1190 2619 ut
1208 2593 1363 2619 semilatina
1382 2595 1407 2618 et
1425 2592 1510 2617 ubivis
1529 2593 1631 2623 recepta
1649 2591 1776 2622 omittam,
1797 2599 1863 2624 pan-

207 2652 306 2681 torum,
326 2649 451 2678 climata,
470 2657 615 2678 nauarcuS,
635 2647 670 2674 ad
689 2647 790 2674 doxam
809 2647 947 2674 onomatis
967 2646 1049 2680 cyrii,
1069 2646 1242 2680 enigmatum
1263 2644 1452 2678 problemata,
1471 2641 1628 2672 dedasculi.
1647 2642 1764 2673 extasis,
1783 2651 1862 2676 gazo-

207 2700 337 2732 filacium,
357 2702 421 2727 cata
435 2700 665 2733 experimentum.
684 2699 849 2732 trapezitae,
869 2697 1025 2732 syllogismi
1040 2697 1182 2731 dogmata,
1203 2695 1308 2729 typhus
1321 2695 1368 2728 (cf.
1382 2695 1418 2721 H.
1430 2694 1550 2725 Zimmcr,
1571 2693 1697 2719 Ncnnius
1711 2692 1865 2719 vindicatus
