2058 3062
250 183 301 210 XX
769 175 814 202 DE
832 174 920 201 VITA
940 171 1128 200 ALDHELMI
1147 170 1192 196 ΕΤ
1212 168 1382 196 SCRIPTIS.

250 271 313 299 tum
339 268 367 298 ei
389 267 429 298 sit
450 266 570 302 datum,
594 263 698 294 docent
717 265 745 293 et
768 271 864 301 quam
886 259 1049 299 diliqenter
1066 257 1251 289 Aldhelmus
1273 256 1306 286 in
1331 255 1375 285 eis
1397 252 1599 285 observandis
1622 253 1662 283 sit
1680 253 1829 290 versatus,
1854 251 1901 282 ita

250 322 292 356 ut,
322 328 400 358 quae
431 320 534 348 tamen
561 317 593 346 in
616 314 754 346 versibus
778 313 840 352 ipse
862 311 1033 351 deliquerit,
1059 320 1092 340 eo
1112 308 1213 348 maqis
1236 308 1277 338 sit
1299 305 1496 337 mirandum.
1545 303 1731 344 Separanda
1753 303 1803 334 hic
1825 305 1902 334 sunt

249 371 286 402 de
309 371 361 408 eis,
390 379 470 409 quac
492 368 529 399 de
546 367 679 407 pedibus
701 365 837 404 exponit,
868 374 918 400 ea,
946 373 1028 402 quae
1060 353 1149 392 initio
1177 360 1273 390 liuius
1295 358 1402 398 partis
1424 357 1461 388 de
1477 356 1595 396 pedum
1618 365 1747 386 numero
1771 356 1800 386 et
1822 354 1902 385 divi-

249 423 348 459 sionc,
376 423 404 452 et
428 421 461 451 in
482 420 544 459 fine
573 419 609 449 de
630 417 781 457 prosodia
809 414 960 456 explicat:
989 414 1024 444 in
1052 414 1116 453 fine
1145 412 1239 443 etiam
1267 410 1451 450 dialoqicam
1478 408 1620 449 formam
1643 407 1768 438 omittit.
1815 407 1901 446 Quae

252 473 342 504 initio
365 473 403 512 (e.
425 471 539 513 CXII)
563 469 699 506 disserit,
729 479 767 499 ea:
790 467 914 498 Isidoro
936 467 964 496 et
986 464 1110 496 Donato
1134 474 1205 494 eum
1227 461 1457 501 interpretibus
1480 460 1548 490 cius
1575 459 1681 498 Seryio
1705 460 1733 489 et
1756 457 1903 496 Pompeio

250 525 413 563 desumpta
434 525 522 555 sunt.-
546 532 600 552 nec
622 522 737 551 mirum
760 519 858 558 ‘iqitur
876 520 927 554 est,
950 516 1033 556 quod
1054 515 1104 546 liic
1123 516 1218 546 etiam
1236 523 1483 555 praecessorum
1503 511 1728 543 auctoritatem
1747 509 1901 541 nominat.

251 577 293 607 In
313 576 376 615 fine
399 577 500 605 autem
524 573 581 604 etsi
600 572 711 611 priora
734 581 801 602 cum
823 570 946 601 Isidoro
970 568 1045 607 oriq.
1064 567 1083 598 1
1100 567 1140 596 19
1163 568 1191 596 et
1214 565 1341 596 Donato
1366 563 1543 595 eommunia
1565 562 1663 600 habet,
1688 564 1802 598 tamen,
1824 571 1904 600 quae

252 627 289 658 de
319 626 460 665 sinxiqz'is
492 625 597 662 affert,
631 624 664 654 in
694 623 738 653 eis
767 631 830 653 non
854 620 1014 656 habemus,
1045 628 1133 658 quem
1161 627 1228 648 eum
1253 627 1285 648 eo
1309 625 1545 655 componamus:
1574 624 1648 645 nam
1677 623 1768 653 quern
1791 612 1905 644 laudat

252 678 414 709 Manitius
430 687 465 716 p.
479 678 519 707 67
542 675 705 706 Iulianum
725 673 912 709 Toletanum,
939 670 1022 701 nihil
1043 670 1130 708 apud
1149 668 1238 699 illum
1265 668 1384 707 leqitur,
1407 666 1490 706 quod
1512 666 1555 696 ad
1570 665 1775 697 Aldlielmum
1795 675 1827 704 p.
1840 664 1903 694 201

246 729 346 768 possit
369 728 491 766 afferre.
536 727 578 758 In
595 725 726 767 pedibus
748 733 817 755 vero
837 721 1026 754 enarrandis
1047 721 1112 758 fere
1136 722 1216 750 totus
1238 728 1319 749 suus
1344 720 1387 748 est
1409 727 1446 748 ac
1463 718 1622 757 proprius.
1672 717 1758 756 Quae
1780 716 1904 756 colliqit,

251 789 438 820 quamquam
461 779 495 809 in
517 778 561 808 eis
582 776 760 815 saepissime
781 774 916 805 aliorum
936 772 1058 803 serinia
1081 770 1199 812 eoepilat
1221 780 1276 801 nee
1298 769 1392 800 semel
1419 769 1462 800 ad
1483 780 1573 800 suam
1597 769 1717 810 copiam
1741 768 1903 799 declaran-

252 832 327 862 dam
349 831 444 861 etiam
465 839 503 860 esc
523 827 751 868 qrammaticis,
776 825 942 856 Prisciano
962 825 992 856 et
1015 822 1142 854 Donato
1165 822 1317 858 maxime,
1347 821 1507 851 auxilium
1525 821 1613 859 petit,
1637 823 1743 850 tamen
1760 819 1906 859 plurima

255 883 316 921 ipse
338 881 399 912 sibi
421 881 518 911 debet:
542 889 654 917 suoque
678 878 746 908 iure
769 877 868 907 dicere
884 875 988 914 potuit
1004 875 1050 913 (p.
1066 877 1086 904 7
1089 876 1117 911 7,
1133 873 1176 904 22
1185 874 1265 913 sqq.)
1283 872 1415 913 singulis
1432 871 1611 913 quibusque
1629 871 1766 912 pedibus
1782 874 1905 902 tantam

253 932 473 974 exemplorum
507 930 632 971 copiam
666 928 926 960 adcumulantem
965 937 1006 957 ex
1044 925 1177 956 diversis
1216 924 1398 955 orationum
1441 923 1585 964 partibus
1623 933 1656 954 se
1695 923 1905 963 congessisse,

252 987 405 1026 quantum
428 982 469 1014 ad
492 982 670 1023 praesentis
693 979 835 1021 opusculi
860 979 1004 1009 noimam
1031 976 1280 1018 providentioris
1303 975 1413 1006 indicii
1437 975 1542 1016 gratia
1565 974 1713 1006 sufficere
1733 974 1907 1005 crediderit

253 1037 290 1074 ef.
313 1036 406 1066 ettam
430 1033 716 1074 Pauly-Wssowa
742 1029 1072 1070 Real-Encyclopc'idie
1095 1029 1119 1060 I
1139 1028 1223 1058 1356
1235 1037 1278 1067 sq.
1324 1027 1373 1058 Ac
1401 1037 1440 1057 ne
1462 1027 1498 1057 in
1529 1027 1573 1057 eis
1596 1026 1732 1065 quidem,
1763 1036 1842 1065 quae
1864 1025 1909 1056 ad

253 1096 398 1119 numeros
420 1095 565 1116 versuum
588 1083 767 1115 dividendos
789 1084 817 1113 et
839 1082 875 1113 de
897 1083 1026 1112 accentu
1048 1090 1155 1110 eorum
1179 1078 1320 1117 exponit,
1344 1078 1402 1109 etsi
1423 1078 1461 1109 ab
1485 1079 1609 1108 auctore
1633 1077 1739 1116 aliquo
1758 1087 1827 1108 eum
1846 1087 1907 1108 sua

254 1140 433 1169 mutuatum
455 1146 518 1167 esse
540 1137 679 1167 constare
701 1134 833 1170 videtur,
857 1135 958 1164 tamen
983 1132 1053 1171 quis
1080 1141 1148 1162 eum
1167 1130 1335 1167 adiuverit,
1358 1139 1528 1168 possumus
1546 1129 1743 1168 incestiqare.
1782 1127 1908 1159 Similia

253 1199 328 1220 sane
359 1191 446 1225 sunt,
478 1198 556 1227 quae
587 1187 635 1217 M.
653 1186 813 1217 Manitias
844 1195 881 1215 cx
914 1184 1043 1215 Iuliano
1084 1183 1234 1214 Toletano
1266 1182 1473 1221 (Auctarium
1502 1181 1670 1212 voluminis
1700 1180 1744 1212 ΙΙ
1770 1180 1908 1211 Patrum

258 1241 475 1272 Toletanorum
502 1249 595 1278 opera
621 1238 808 1269 auctoritate
838 1238 865 1267 et
896 1236 1039 1275 expensis
1065 1234 1234 1266 Francisei
1263 1233 1456 1264 Cardinalis
1486 1233 1523 1264 de
1554 1233 1757 1270 Loreneana,
1791 1232 1909 1263 Romae

256 1291 534 1327 MDCCX01’II;
564 1299 639 1320 usus
667 1299 738 1320 sum
765 1287 935 1326 exemplari
956 1286 1174 1325 Berolinensi)
1199 1286 1232 1316 in
1256 1284 1467 1324 Sitzunqsber.
1491 1285 1547 1315 der
1565 1284 1666 1315 Wien.
1684 1283 1790 1316 Alcad.
1811 1283 1914 1315 CXII

257 1344 392 1382 597sqq.
416 1342 611 1380 conscripsit,
645 1340 698 1371 sed
725 1340 891 1371 rectissime
920 1338 1035 1378 Roqcr,
1066 1337 1334 1376 L'cnseiqnement
1356 1347 1391 1378 p.
1409 1336 1482 1373 329,
1499 1338 1519 1367 6
1547 1335 1749 1367 Aldlielmum
1779 1335 1910 1366 Iuliano

259 1405 348 1425 usum
375 1404 437 1425 esse
463 1396 554 1432 neqat
577 1392 797 1431 Illanitiusque
820 1391 885 1429 ipse
908 1390 1034 1430 (Geselz.
1059 1390 1093 1420 d.
1119 1390 1172 1420 lat.
1198 1389 1262 1420 Lit.
1288 1388 1317 1419 d.
1341 1388 1507 1419 Mittelalt.
1524 1388 1630 1425 1137,
1647 1389 1682 1425 4)
1706 1387 1733 1417 ei
1755 1386 1911 1418 adsentiri

257 1456 354 1482 nunc,
387 1447 441 1475 aut
468 1445 575 1475 sattim
598 1453 660 1474 non
691 1444 821 1482 firmiter
852 1442 1023 1473 adversari
1054 1441 1195 1472 ridetur:
1229 1443 1409 1479 utrumque,
1442 1439 1645 1470 Aldhelmum
1679 1441 1707 1470 et
1741 1438 1910 1470 Iulianum

258 1497 398 1536 equidem
428 1496 471 1527 ad
499 1496 627 1527 eundem
657 1495 757 1526 redire
783 1496 858 1533 puto
886 1496 1059 1531 auctorem,
1090 1493 1146 1532 qui
1176 1495 1279 1523 tamen
1308 1492 1374 1531 ipse
1403 1494 1448 1522 est
1471 1492 1605 1532 iynotus.
1648 1490 1699 1522 Dc
1728 1490 1786 1522 hac
1812 1490 1911 1530 ‘iqitur

254 1551 347 1588 parte
376 1548 556 1579 accuratius
584 1547 721 1577 ‘iudicari
749 1556 812 1577 non
829 1547 939 1585 potest.
986 1545 1051 1576 Nec
1074 1547 1175 1576 certus
1198 1546 1309 1575 auctor
1331 1543 1481 1583 indaqari
1497 1545 1600 1582 potest
1623 1552 1742 1580 eorum,
1773 1552 1851 1582 quae
1874 1541 1911 1573 de

258 1600 446 1631 animalium
469 1599 589 1630 vocibus
606 1609 639 1637 p.
658 1598 728 1635 179,
747 1598 788 1628 18
813 1597 900 1636 apud
928 1606 996 1628 eum
1026 1597 1193 1636 leguntur,
1224 1605 1304 1635 quae
1327 1597 1363 1626 ut
1387 1595 1530 1626 dubitari
1551 1604 1614 1625 non
1634 1596 1743 1633 potest,
1767 1593 1846 1633 quin
1868 1592 1912 1623 ad

260 1651 440 1682 Suetonium
472 1651 611 1686 redeant,
647 1650 691 1680 ita
720 1659 796 1680 num
829 1649 892 1689 ipse
926 1659 962 1679 ea
991 1647 1185 1687 alphabetico
1216 1647 1324 1678 ordine
1357 1646 1522 1686 dicesserit
1551 1645 1751 1683 Aldlielmus,
1784 1645 1912 1676 minime

260 1704 393 1739 constat:
423 1712 477 1732 nee
507 1702 588 1732 unde
617 1701 738 1740 lon-qam
767 1701 803 1731 de
830 1700 1093 1739 praepositionum
1116 1699 1343 1737 verborumque
1373 1698 1601 1729 mutationibus
1629 1697 1849 1736 expositionem
1876 1697 1912 1726 in

260 1753 448 1792 quaestione,
478 1763 570 1792 quam
594 1752 629 1782 de
652 1752 774 1791 epitri‘to
797 1754 909 1791 quarto
933 1751 1082 1787 instituit,
1109 1761 1142 1789 p.
1162 1751 1223 1780 194
1249 1750 1413 1780 intrusam
1435 1749 1616 1788 sumpserit,
1641 1751 1745 1788 potest
1767 1748 1911 1787 definiri,·

259 1815 333 1835 nam
355 1814 543 1843 quamquam
570 1803 613 1834 ad
637 1803 891 1834 introducendam
916 1812 982 1833 eam
1006 1801 1172 1833 Donatum
1195 1802 1272 1841 (Gr.
1292 1800 1328 1832 L.
1346 1801 1403 1832 IV
1414 1801 1487 1838 391,
1505 1802 1546 1830 13
1561 1800 1604 1831 K.
1629 1816 1669 1826 =
1695 1800 1826 1832 Servius
1852 1799 1909 1831 Gr.

260 1856 297 1888 L.
314 1856 371 1887 IV
382 1858 453 1892 442,
471 1858 526 1893 43)
550 1859 584 1886 ut
606 1856 761 1887 illustrem
785 1855 1017 1896 grammaticae
1041 1855 1117 1885 artis
1141 1857 1430 1885 commentatorem
1456 1855 1580 1884 secutus
1603 1854 1656 1890 est,
1685 1854 1787 1883 tamen
1810 1851 1845 1882 in
1868 1851 1912 1881 eis

259 1909 345 1947 ipsis,
368 1918 447 1947 qliae
469 1907 569 1945 affert,
594 1908 745 1938 neminem
767 1907 924 1944 habemus,
947 1917 967 1937 a
994 1916 1056 1945 quo
1072 1916 1132 1937 sua
1149 1917 1218 1936 eum
1235 1906 1402 1945 sumpsisse
1420 1905 1579 1946 possimus
1595 1904 1792 1942 confirmare,
1816 1903 1862 1934 ita
1879 1904 1913 1933 ut

259 1959 332 1990 baec
354 1959 470 1993 eadem,
494 1969 573 1998 quae
595 1959 629 1989 in
642 1958 772 1999 pedibus
788 1959 864 1997 ipsis
886 1957 1083 1997 explicandis
1098 1960 1261 1998 apparent,
1285 1958 1389 1996 ipsius
1411 1957 1574 1987 industria
1597 1956 1726 1987 collecta
1749 1964 1813 1986 esse
1831 1954 1913 1985 vide-

261 2013 372 2047 antur,·
396 2011 449 2041 sed
463 2021 542 2049 quac
565 2011 599 2040 in
622 2011 720 2049 eapite
745 2010 795 2041 illo
817 2010 853 2040 de
876 2009 1239 2050 ortlioyrapliia(p.194
1254 2011 1333 2048 sqq.)
1350 2008 1502 2048 exposuit,
1526 2010 1584 2039 aut
1607 2008 1671 2046 ipse
1693 2007 1729 2038 in
1751 2006 1912 2047 scribendo

259 2071 323 2092 non
345 2062 524 2098 observavit,
555 2064 611 2092 aut
634 2062 772 2092 codicum
794 2062 968 2092 auctoritas
998 2061 1032 2091 in
1057 2061 1138 2091 hisee.
1162 2061 1400 2100 quaestionibus
1422 2059 1514 2091 nulla
1538 2061 1597 2091 est:
1626 2068 1696 2090 cum
1723 2060 1828 2089 autem
1850 2057 1914 2089 illic

261 2112 384 2150 firmam
408 2113 545 2151 rcqulam
564 2113 602 2143 ab
619 2113 778 2144 Aldlielmo
801 2113 991 2143 observatam
1010 2123 1072 2143 esse
1089 2112 1213 2143 credam
1229 2122 1327 2151 supra
1347 2111 1464 2143 codices
1485 2111 1669 2148 redeuntem,
1693 2110 1728 2141 in
1751 2120 1787 2141 ea
1810 2109 1913 2151 ipsum

263 2163 354 2193 certis
375 2163 473 2193 verbis
495 2174 585 2194 suam
608 2174 748 2194 normam
765 2165 960 2203 profitentem
982 2163 1175 2203 sequendum
1200 2174 1264 2194 esse
1281 2165 1373 2202 puto.

367 2219 408 2249 In
436 2219 659 2259 (muiqmatibus
687 2230 755 2251 vero
778 2219 959 2251 Aldhelrnus
983 2220 1046 2260 ipse
1069 2230 1100 2249 se
1125 2219 1267 2257 Simfosii
1291 2218 1430 2258 exemplo
1453 2219 1623 2249 excitatum
1646 2227 1709 2248 esse
1726 2217 1913 2258 profitetur,·

266 2281 339 2300 nam
361 2271 444 2309 quod
465 2270 659 2301 Aristotelem
684 2282 801 2311 quoque
823 2272 959 2309 exemplo
984 2271 1044 2301 sibi
1066 2271 1164 2308 faisse
1186 2270 1270 2307 dicit,
1294 2270 1348 2300 lioe
1373 2269 1417 2300 ad
1438 2280 1473 2300 ea
1497 2268 1575 2306 sola,
1606 2278 1686 2308 quae
1704 2278 1738 2308 p.
1756 2269 1806 2305 76,
1823 2269 1842 2298 1
1864 2270 1914 2298 at-

266 2321 338 2357 tuli,
370 2321 561 2358 referendam
585 2325 637 2354 est,
684 2322 744 2352 Sed
772 2323 805 2353 in
831 2322 1006 2362 pangendis
1034 2322 1113 2361 ipsis
1130 2322 1317 2360 poematiis,
1351 2322 1408 2352 etsi
1430 2321 1465 2352 in
1488 2321 1672 2358 elocutione,
1702 2322 1738 2350 ut
1761 2329 1825 2351 mos
1847 2319 1914 2350 cius

267 2374 324 2408 est,
356 2372 490 2402 aliorum
524 2372 631 2403 dri-ora
663 2374 722 2403 sibi
755 2374 868 2411 induit,
901 2373 1087 2405 Aldlielmus
1117 2372 1210 2403 multo
1239 2373 1343 2412 mayis
1372 2372 1507 2404 aliorum
1538 2370 1710 2410 exemplum
1736 2370 1848 2411 factus
1870 2372 1914 2401 est

267 2433 361 2461 quam
385 2433 594 2462 praecessimus
623 2424 747 2461 habui&
777 2435 849 2455 nam
879 2428 907 2455 et
939 2425 1100 2456 Tatuinus
1132 2427 1160 2454 ct
1187 2424 1346 2455 Eusebius
1376 2434 1443 2454 eum
1473 2423 1571 2454 secuti
1599 2425 1674 2454 sunt
1702 2422 1818 2462 aliique
1847 2422 1914 2453 eius

270 2474 438 2503 imitatores
462 2478 595 2512 possunt
627 2477 812 2513 enumerari,
843 2486 919 2515 quos
956 2477 990 2507 in
1018 2477 1100 2507 notis
1129 2476 1287 2516 adscripsi
1319 2474 1376 2516 (cf.
1400 2474 1593 2515 Festschrift
1622 2474 1678 2513 fiir
1708 2474 1749 2505 A.
1771 2484 1797 2505 v.
1812 2473 1913 2504 Bam-

269 2525 337 2563 berg]
357 2535 387 2562 p.
407 2525 445 2554 15
455 2536 516 2563 sqq.
518 2526 543 2564 ).
590 2526 650 2556 Sed
676 2526 729 2557 hoe
758 2527 790 2558 in
811 2530 992 2566 (cr-quincnto
1009 2527 1162 2567 populare
1185 2527 1340 2566 quoddam
1367 2527 1505 2558 eoecrcuit
1528 2525 1681 2563 staulimm
1709 2535 1785 2556 nam
1808 2525 1914 2565 aeniy-

268 2576 403 2605 malibus
433 2575 592 2607 delectatos
619 2588 680 2607 csse
703 2578 938 2616 Anqlosazones
965 2579 1010 2609 vel
1036 2578 1196 2610 Aleuinus
1229 2579 1317 2609 testis
1345 2581 1402 2615 est,
1432 2578 1626 2617 maximaeque
1651 2577 1812 2616 placuisse
1833 2577 1914 2607 Ald-

268 2626 359 2656 iietmi
388 2627 563 2664 wniqmata
602 2638 711 2666 »trumo
740 2629 887 2665 codicum,
921 2631 976 2668 qui
1003 2630 1173 2670 separatim
1200 2640 1236 2660 ea
1263 2629 1469 2659 tradiderunt
1505 2638 1602 2668 eaque
1632 2631 1695 2659 tam
1724 2628 1792 2659 sola
1820 2637 1915 2667 quam

270 2688 338 2707 cum
369 2677 441 2707 aliis
467 2678 565 2715 poi-tis
594 2680 756 2725 roiziurzcta
785 2680 909 2717 liabent,
939 2691 1066 2712 numero
1095 2681 1323 2720 comprobatur.
1370 2681 1458 2712 Inter
1487 2680 1659 2711 imitatores
1688 2682 1792 2710 autem
1821 2679 1914 2709 ctiam

273 2728 489 2768 Cynewutfum
522 2731 766 2761 emmwrandum
800 2742 861 2761 esso
895 2733 1064 2763 certissimo
1098 2732 1289 2772 aeniqmatis
1328 2732 1360 2769 C,
1394 2732 1486 2762 cuius
1520 2732 1672 2762 carminis
1706 2731 1801 2762 etiam
1833 2730 1916 2761 alios

270 2789 375 2810 versus
398 2780 543 2809 imitatur
564 2779 772 2821 Qflieuwdfus,
797 2792 902 2813 versus
922 2783 1069 2814 tricesimi
1089 2784 1175 2814 tertii
1194 2783 1367 2814 testimonio
1383 2783 1515 2822 probari
1530 2786 1621 2822 puto:
1645 2792 1719 2813 nam
1739 2781 1822 2821 quod
1836 2780 1916 2812 Ald—
