2183 3077
829 798 1218 843 PRAEFATIO.

307 907 396 946 Quod
417 906 472 937 sub
495 906 588 945 finem
609 916 722 945 prosae
746 906 783 937 de
808 906 986 946 viryinitate
1004 905 1166 945 pollicitus
1187 908 1255 936 erat
1275 906 1568 937 sanctitnonialibas
1584 906 1848 945 Bcreinqensibas

193 958 390 995 Aldliclmus,
411 958 441 988 si
464 957 647 996 opusculum
673 958 774 997 ipsum
800 957 865 988 iilis
881 958 1072 997 placuisset,
1095 968 1128 988 se
1153 957 1231 988 idem
1255 960 1472 996 aryumentum
1497 957 1687 988 he.rw›zetris
1712 958 1849 989 versibus

194 1020 258 1041 esse
282 1009 499 1048 repetiturum,
524 1009 578 1039 hoc
601 1009 684 1040 brevi
699 1011 774 1048 post
790 1008 944 1048 perfecit,·
971 1008 1054 1047 quod
1075 1018 1145 1039 vero
1168 1019 1194 1040 v.
1211 1009 1296 1038 2200
1320 1008 1406 1045 dicit,
1430 1008 1473 1038 ad
1491 1018 1606 1047 prosae
1629 1020 1653 1039 e.
1671 1008 1700 1038 L
1723 1008 1848 1040 lectores

193 1060 344 1101 releqans,
367 1071 399 1091 se
421 1060 578 1099 virqinum
604 1059 766 1097 Chioniae,
792 1060 911 1097 IreniS,
942 1059 1073 1099 Ayapae
1095 1058 1162 1098 ‘per
1181 1069 1309 1099 prosam
1334 1059 1533 1098 descripsisse
1556 1059 1685 1089 nomina
1709 1059 1848 1098 dudum',

195 1112 251 1143 hoe
267 1122 329 1143 non
345 1112 546 1151 refraqatur;
567 1121 641 1142 nam
658 1111 744 1150 apud
755 1110 955 1142 Aldhelmum
971 1110 1112 1141 ‘dudum‘
1128 1111 1209 1142 idem
1224 1121 1287 1141 esse
1303 1121 1340 1141 ae
1356 1109 1462 1147 ‘moda
1486 1110 1597 1149 supra'
1612 1111 1678 1141 iam
1693 1111 1736 1141 ad
1751 1122 1846 1143 earm.

194 1163 299 1195 eccles.
317 1163 357 1194 II
371 1165 413 1194 33
435 1162 666 1194 adnotavimus.
702 1163 805 1202 Atque
828 1165 864 1192 ut
879 1165 1122 1193 consentaneum
1145 1165 1221 1199 erat,
1245 1162 1410 1192 artissima
1426 1172 1494 1192 cum
1509 1171 1607 1200 prosa
1622 1162 1849 1193 necessitudine

194 1216 398 1246 eoniicnctum
421 1217 465 1245 est
488 1224 622 1251 carmen,
645 1224 701 1245 nec
725 1217 829 1245 tamen
852 1214 913 1251 ita,
938 1216 973 1244 ut
997 1223 1208 1253 quaecumque
1227 1223 1326 1252 prosa
1350 1215 1423 1243 ante
1446 1216 1645 1252 exposuerat,
1678 1214 1739 1244 iam
1762 1213 1849 1245 nulio

194 1267 379 1297 discrimine
402 1266 590 1303 transferret
613 1265 648 1296 in
670 1275 793 1302 versus‚·
817 1265 1012 1304 nimi-imque
1036 1264 1188 1303 differunt
1209 1265 1293 1295 ‘inter
1308 1275 1339 1295 se
1351 1264 1499 1304 proloqus
1512 1274 1624 1303 prosae
1639 1265 1849 1305 carminisque

194 1320 223 1348 et
246 1316 394 1356 epiloqus.

304 1369 408 1408 Atque
431 1368 466 1399 in
479 1369 638 1407 prooemio
654 1368 779 1407 quidem
797 1368 835 1409 (v.
850 1368 992 1405 1-247)
1009 1378 1045 1399 ea
1061 1378 1094 1398 re
1109 1367 1245 1398 maxime
1261 1367 1359 1398 distat
1375 1377 1501 1398 carmen
1517 1367 1555 1398 ab
1573 1367 1720 1406 opusculo
1731 1368 1848 1407 priore,

195 1420 277 1460 quod
300 1420 415 1451 omissa
432 1421 557 1451 omnino
581 1421 690 1459 apium
713 1420 946 1459 comparatione
967 1419 1164 1458 releyataque
1186 1419 1230 1450 ad
1251 1419 1344 1458 finem
1368 1418 1575 1458 explicatione
1598 1419 1634 1450 de
1650 1422 1715 1450 octo
1725 1419 1848 1458 princi-

190 1471 322 1511 palibus
353 1471 441 1502 vitiis
463 1474 538 1510 post
569 1470 691 1503 Christi
723 1471 947 1502 invocationem
975 1474 1003 1502 et
1025 1471 1117 1502 metri
1140 1471 1379 1509 descriptionem
1401 1470 1468 1501 sola
1491 1470 1702 1509 capitulorum
1724 1471 1802 1502 noni
1823 1473 1851 1501 et

197 1523 357 1554 undecimi
379 1523 552 1554 sententias
574 1523 653 1562 ipsis
675 1523 833 1563 viryz'num
857 1522 1006 1562 exemplis
1016 1522 1195 1563 praemittit
1210 1532 1323 1561 easque
1334 1522 1448 1562 fusius
1463 1522 1498 1552 in
1513 1532 1659 1553 versuum
1675 1525 1850 1553 contextum

196 1574 381 1606 transcribit
403 1585 441 1605 ne
464 1574 509 1605 eis
531 1574 656 1613 quidem
681 1575 726 1605 ita
749 1577 853 1611 utens,
886 1577 921 1604 ut
952 1584 1016 1605 non
1040 1574 1172 1613 proprio
1199 1573 1335 1613 quodam
1361 1582 1456 1604 sensu
1478 1584 1515 1604 ac
1539 1573 1667 1604 consilio
1691 1584 1740 1611 ea,
1770 1584 1851 1613 qzuze

198 1625 264 1657 illic
280 1626 367 1657 dieta
382 1629 482 1663 erant,
506 1628 649 1662 exornet‚·
672 1625 774 1663 velati,
798 1628 834 1656 ut
857 1625 900 1656 ad
923 1626 1027 1664 ipsum
1049 1627 1269 1664 arqumeutwn
1285 1624 1418 1663 facilius
1439 1625 1549 1655 aditus
1564 1625 1624 1655 sibi
1639 1627 1758 1664 pateat,
1782 1624 1849 1655 ‘tri-

191 1676 307 1716 plicem
327 1677 450 1716 yeneris
471 1677 604 1708 humani
627 1677 826 1708 distantiam‘
849 1681 890 1717 (e.
906 1676 1011 1717 XIX)
1036 1677 1156 1708 inverso
1180 1676 1289 1707 ordine
1311 1679 1473 1707 enumerat
1496 1679 1524 1707 et
1539 1677 1685 1708 describit
1701 1677 1742 1715 (1³.
1759 1678 1848 1707 84—

200 1728 287 1768 128),
312 1731 340 1759 et
356 1731 430 1768 post
453 1728 535 1759 hane
558 1729 681 1759 demum
705 1729 968 1760 enumerationem
994 1729 1244 1768 comparationes
1258 1727 1349 1758 addit
1372 1738 1410 1758 esc
1426 1728 1527 1766 eapite
1543 1730 1647 1759 octavo
1663 1728 1850 1767 desumptas,

197 1780 251 1811 sed
281 1780 340 1811 has
369 1790 489 1819 quoque
520 1779 723 1819 aliquatenus
751 1779 901 1818 inflexas,
936 1780 1124 1818 interposita
1153 1779 1350 1819 'r'iiyinitatis
1380 1778 1489 1815 laude,·
1521 1788 1679 1818 apponam
1707 1779 1851 1818 sinqzda:

196 1841 222 1862 v.
241 1833 281 1861 84
298 1845 338 1860 τ-
356 1841 380 1862 e.
397 1831 487 1862 XIX
501 1841 537 1870 p.
552 1831 626 1868 248,
640 1833 699 1869 11,·
721 1841 747 1862 υ.
764 1832 807 1861 87
822 1841 908 1870 .—-p.
926 1831 998 1868 249,
1010 1833 1031 1861 3
1055 1830 1144 1871 (lege
1162 1834 1303 1861 tororum
1321 1831 1361 1868 cf.
1379 1841 1403 1860 e.
1424 1829 1517 1861 VIII
1530 1840 1564 1869 p.
1581 1830 1654 1867 235,
1670 1830 1743 1869 23);
1765 1840 1791 1861 v.
1809 1831 1850 1860 91

196 1895 237 1911 =
255 1893 291 1921 p.
310 1882 382 1919 249,
397 1884 433 1920 1‚·
455 1893 480 1915 v.
500 1883 560 1912 101
585 1898 625 1908 =
645 1893 679 1921 p.
695 1884 768 1920 247,
781 1884 810 1913 3.
835 1882 971 1919 246,20.
997 1882 1068 1919 234,
1084 1884 1139 1919 10,
1162 1891 1188 1912 v.
1206 1882 1268 1911 103
1291 1894 1331 1909 z
1351 1891 1383 1920 p.
1401 1882 1473 1917 230,
1489 1882 1526 1918 2,·
1549 1891 1575 1912 v.
1594 1882 1707 1911 110—
1723 1882 1786 1912 128
1809 1897 1848 1908 =

197 1944 220 1965 c.
240 1934 333 1965 XIX
348 1945 384 1973 p.
401 1934 473 1971 249,
488 1937 582 1974 7sqq.
607 1935 648 1974 (v.
667 1936 730 1964 187
746 1948 786 1962 z
801 1944 832 1972 p.
848 1934 921 1970 230,
937 1934 1010 1974 10),
1032 1943 1058 1964 v.
1071 1933 1134 1962 201
1145 1951 1182 1955 -
1193 1934 1257 1963 247
1269 1946 1309 1960 =
1322 1942 1345 1963 c.
1362 1932 1411 1963 IX
1422 1942 1432 1963 .·
1447 1943 1474 1964 v.
1486 1933 1549 1963 205
1559 1942 1602 1972 sq.
1617 1942 1698 1971 ::p.
1712 1933 1784 1970 230,
1799 1932 1849 1963 13.

198 1986 272 2023 237,
284 1987 322 2022 4,·
344 1996 371 2016 v.
385 1985 449 2015 214
460 1999 500 2014 =
510 1995 543 2024 p.
557 1986 629 2023 237,
644 1986 680 2023 5,·
702 1995 729 2016 v.
742 1986 876 2024 222sqq.
891 1998 931 2013 =
943 1995 977 2024 p.
991 1985 1064 2022 237,
1078 1986 1116 2021 7,·
1138 1994 1164 2015 v.
1181 1985 1244 2015 221
1255 1994 1318 2023 sqq.
1331 1997 1371 2011 Ξ
1381 1994 1414 2022 p.
1427 1984 1500 2021 237,
1515 1984 1555 2013 10
1565 1994 1639 2023 sqq„
1664 1984 1723 2020 16‚·
1745 1993 1771 2013 υ.
1788 1984 1852 2013 236

197 2050 237 2065 z
253 2047 285 2075 p.
303 2038 376 2074 237,
391 2039 432 2067 17
437 2047 447 2074 ,·
468 2047 495 2068 υ.
512 2038 575 2067 244
598 2047 623 2068 e.
644 2036 735 2068 VIII
745 2052 783 2062 =
792 2046 827 2076 p.
844 2037 917 2074 236,
929 2036 950 2066 2
962 2046 1025 2075 sqq.
1061 2035 1172 2066 Etiam
1186 2035 1312 2075 qravier
1327 2045 1365 2065 ac
1381 2034 1499 2066 clarior
1514 2034 1696 2072 differentia
1713 2034 1852 2065 cernitur

197 2088 232 2118 in
256 2087 381 2129 epiloqo,
405 2088 467 2125 ubi,
491 2098 572 2127 quae
588 2088 720 2120 breviter
735 2088 835 2128 tetiqit
849 2088 883 2118 in
893 2087 1021 2127 proloyo
1031 2097 1147 2126 prosae
1162 2087 1199 2118 de
1215 2087 1301 2117 vitiis
1313 2085 1555 2125 principalibusy
1579 2086 1737 2123 Cassiani,
1761 2096 1851 2125 quem

196 2140 261 2170 iam
286 2140 320 2170 in
337 2149 437 2179 prosa
460 2139 659 2177 laudaverat,
683 2140 813 2179 vestiqia
830 2149 978 2178 premens
1000 2139 1140 2170 versibus
1159 2138 1234 2177 plus
1257 2138 1402 2168 trecentis
1425 2136 1601 2177 eoeplicavii,
1648 2137 1701 2168 Ita
1724 2138 1849 2175 accidit,

197 2193 232 2222 ut
258 2191 358 2222 maior
381 2190 494 2231 epiloqi
510 2191 656 2230 prosaici
672 2201 754 2231 pars
777 2191 812 2222 in
836 2191 974 2222 carmine
997 2190 1149 2222 eoeciderct
1172 2192 1201 2221 et
1224 2191 1362 2220 extrema
1380 2191 1503 2219 tantum
1527 2189 1629 2219 denuo
1646 2189 1784 2229 propius
1808 2189 1852 2219 ad

196 2252 323 2273 carmen
345 2242 539 2281 accederent;
562 2253 600 2274 ea·
616 2253 732 2282 prosae
755 2242 838 2274 enim
862 2242 1055 2282 deqressione
1072 2240 1248 2281 peculiaris
1271 2241 1424 2271 carminis
1439 2250 1522 2279 pars
1541 2239 1636 2281 facta
1660 2242 1712 2271 est.

306 2294 554 2325 Accuratissime
577 2297 683 2325 autem
707 2295 742 2325 in
765 2294 843 2333 ipsis
866 2293 1025 2333 virqinum
1048 2292 1196 2332 eoeemplis
1218 2293 1239 2323 i.
1256 2304 1279 2323 e.
1305 2293 1340 2322 in
1353 2292 1482 2332 proprio
1499 2291 1652 2322 carminis
1667 2294 1850 2331 arqumento

197 2345 364 2377 tractando
387 2346 428 2385 (v.
445 2346 668 2386 248—2445)
691 2347 910 2385 arqumentwn
933 2345 1071 2384 capitum
1088 2354 1205 2383 prosae
1227 2343 1342 2374 XX-
1356 2343 1429 2374 LII
1452 2345 1593 2382 repetens
1616 2345 1680 2373 tam
1705 2343 1739 2373 in
1762 2342 1851 2373 rebus

196 2397 275 2436 ipsis
305 2407 401 2436 quam
430 2397 466 2428 in
489 2397 601 2429 ordine
629 2406 661 2428 se
690 2397 793 2437 ipsum
824 2398 948 2427 secutus
970 2398 1027 2433 est,
1060 2405 1250 2435 quamquam
1273 2395 1368 2425 etiam
1391 2395 1426 2425 in
1449 2394 1499 2425 his
1521 2405 1577 2425 suo
1601 2394 1760 2425 arbitratu
1783 2393 1851 2424 alia

196 2449 365 2486 contraxit,
389 2448 456 2480 alia
479 2449 698 2488 aitepliftcavit,
721 2447 875 2480 nonnulla
898 2447 1036 2484 addidit,
1059 2446 1215 2478 nonnulla
1238 2446 1355 2481 omisit,
1385 2456 1466 2485 quae
1489 2446 1594 2476 omnia
1617 2444 1713 2476 attuli
1735 2445 1769 2475 in
1792 2445 1849 2475 ad-

196 2499 428 2537 notationibus;
452 2501 585 2531 maxime
609 2500 664 2532 hoe
686 2501 722 2532 in
741 2510 859 2540 ywere,
882 2502 917 2530 ut
940 2509 1004 2530 non
1019 2499 1122 2529 dicam
1146 2498 1182 2529 de
1205 2498 1258 2535 eis,
1281 2508 1361 2537 quae
1384 2498 1421 2528 de
1436 2497 1545 2528 Enoch
1568 2499 1597 2527 et
1620 2496 1657 2527 de
1679 2496 1746 2527 deis
1766 2496 1850 2526 anti-

197 2551 270 2590 quis
290 2560 351 2591 pro
367 2550 549 2582 simulacris
564 2552 632 2583 suis
647 2553 771 2590 frustra
782 2550 1059 2592 propuqnantibus
1074 2549 1216 2587 inseruit,
1242 2549 1442 2580 memoranda
1457 2551 1540 2586 suut,
1564 2558 1645 2587 quae
1661 2549 1695 2579 iu
1710 2547 1850 2578 carmine

193 2611 254 2640 pro
277 2601 406 2633 Malcho
434 2603 545 2634 omisso
575 2604 613 2643 (c.
631 2603 767 2638 XXXI)
795 2613 875 2634 nova
902 2602 1049 2642 quuntur
1076 2602 1113 2633 de
1139 2601 1291 2632 Gervasio
1318 2603 1346 2632 et
1370 2600 1516 2631 Protesio
1539 2601 1581 2639 (υ.
1598 2600 1800 2639 881-891)
1823 2602 1851 2630 et

198 2653 232 2684 in
257 2653 320 2691 fine
337 2654 446 2693 partis
464 2654 584 2693 prioris
607 2655 644 2686 de
667 2654 699 2686 S.
716 2654 917 2696 Hieronymo,
939 2664 1028 2694 quae,
1052 2655 1156 2692 utpote
1177 2653 1336 2683 advirum
1349 2651 1643 2691 praeclarissimum
1655 2651 1851 2692 pertinentia

198 2704 326 2744 ideoque
346 2705 378 2736 in
399 2704 458 2736 tali
480 2706 712 2737 enumeratione
733 2716 832 2745 paene
855 2705 1043 2742 necessaria,
1068 2705 1100 2735 in
1123 2714 1222 2735 eausa
1244 2704 1392 2734 videntur
1414 2704 1522 2741 secisse,
1547 2713 1603 2734 eur
1628 2703 1662 2741 is,
1687 2703 1743 2742 qui
1765 2702 1850 2741 capi-
