2022 3057
668 100 716 127 DE
737 100 824 128 VITA
845 99 1031 128 ALDHELMI
1051 99 1097 126 ET
1116 99 1284 128 SCRIP'rls.
1749 104 1797 130 XV

146 200 183 230 p.
200 189 264 221 428
280 188 356 229 H.);
377 189 490 226 festum
513 189 618 219 autem
641 186 801 218 Aldhelmi
823 186 979 217 colebatur
1001 186 1050 217 die
1073 185 1161 217 Maii
1186 186 1326 217 vicesimo
1349 187 1466 226 quinte,
1491 188 1546 227 rsui
1569 188 1635 220 dies
1657 192 1723 221 tum
1743 201 1802 230 pro

152 241 257 273 natali
279 241 346 271 eius
367 239 540 271 habebatur
562 238 730 279 (Willelm.
750 249 784 277 p.
801 239 864 269 415
880 238 948 278 Η.)
995 251 998 256 -

259 292 334 324 Cum
351 291 552 323 Benedictini
567 301 638 322 eum
655 290 779 322 ordinis
801 290 852 321 sui
863 290 999 330 fratrem
1015 309 1056 312 —
1071 289 1116 320 sic
1131 290 1194 320 iam
1213 289 1412 323 Trlthemius.
1430 289 1479 321 De
1494 292 1697 329 scriptoribus
1712 294 1802 324 eecle-

151 344 296 382 siasticis,
320 343 471 375 Basileae
491 344 575 374 1494
594 343 624 383 f.
641 342 703 373 39v
726 360 768 365 -—
786 343 946 381 putarent,
969 341 1107 372 Mabillo
1129 341 1166 372 dc
1188 351 1221 372 eo
1244 342 1279 371 vin
1295 341 1479 372 Annalibus
1502 342 1624 373 ordinis
1647 343 1680 374 S.
1701 344 1801 375 Bene-

151 396 228 428 dicti
249 396 289 427 II
308 406 342 436 p.
361 396 412 427 12.
436 396 478 426 48
501 394 608 426 scribit
631 396 658 425 et
684 394 715 424 in
739 394 832 424 Actis
854 395 1035 424 sanctorum
1058 392 1179 423 ordinis
1201 392 1366 423 Benedicti
1389 393 1410 424 I
1425 394 1595 424 220-224
1621 395 1714 425 vitam
1736 396 1804 427 eius

151 448 317 480 narravit:
339 449 373 479 at
395 447 520 478 nullum
543 448 644 477 exstat
666 445 893 482 documentum,
916 454 976 484 quo
997 445 1125 483 septimo
1149 444 1212 475 iam
1234 444 1358 475 saeculo
1381 445 1414 475 *in
1438 445 1619 475 Britannia
1643 446 1804 477 Benedicti

151 499 292 539 rcyulam
311 499 501 530 observatam
519 507 584 529 esse
599 497 759 537 probetur,
781 506 971 536 quamquam
988 495 1164 527 Willelmus
1180 495 1474 527 Mtlmesburiensis
1491 496 1550 528 III
1569 498 1627 526 104
1641 508 1675 535 p.
1688 498 1804 531 L'JJGH.

152 551 341 592 Wilfridum
361 550 532 591 qloriatum
555 559 618 580 esse
640 550 764 585 narrat,
788 548 871 588 quod
892 548 1082 580 sanctissimi
1105 547 1273 579 Benedicti
1296 548 1441 589 regulam
1466 559 1484 579 a
1508 548 1671 579 monachis
1696 549 1804 580 obscr-

151 604 220 635 vari
242 603 378 635 iusserit.
427 601 523 642 Quid,
546 601 627 641 quod
648 601 715 640 ipsc
737 600 929 631 Benedictus
951 599 1082 639 Biscop‚
1106 599 1162 639 qui
1185 599 1238 640 (cf.
1256 599 1363 630 Beduc
1388 599 1472 630 [list.
1496 599 1642 630 abbatum
1666 604 1687 641 3·
1705 601 1743 630 11
1765 616 1802 627 Ξ

151 654 242 686 Beda
263 654 310 686 ed.
328 653 490 685 Plummer
507 653 531 685 I
548 664 579 692 p.
595 653 675 693 375)
698 663 739 683 ex
763 652 875 684 decem
905 655 938 683 et
965 654 1090 692 septem
1118 652 1333 690 monasteriis,
1365 661 1446 693 quac
1476 651 1558 682 inter
1586 652 1700 693 longos
1728 662 1804 683 suae

152 706 265 738 crebre
289 705 558 748 peregrinationis
582 704 741 736 discursus
766 704 886 746 optima
910 704 1130 744 comperisset,
1156 713 1204 743 ea,
1228 713 1309 742 quac
1330 703 1486 741 fratribus
1506 703 1674 741 statuisset,
1699 704 1805 735 onmia

153 758 303 790 didicisse
330 760 360 788 et
387 757 422 788 in
448 756 618 797 privilegio,
647 766 721 787 suae
751 755 997 796 conqrcyationis
1024 754 1178 786 nonnulla
1208 765 1246 786 ese
1272 754 1434 785 Benedicti
1461 755 1570 794 reyula
1599 765 1630 785 se
1661 756 1806 796 recepisse

152 810 238 848 dicit,
263 809 346 841 docet
367 819 406 840 ne
431 809 464 840 in
486 808 531 839 eis
545 808 670 848 quidem
693 807 899 845 monasteriis,
923 817 1001 847 quae
1025 809 1091 837 tum
1114 806 1333 844 condebantur,
1357 817 1424 837 eam
1441 808 1535 837 lotam
1558 816 1621 837 esse
1643 809 1804 846 receptam,

152 864 181 894 et
207 861 290 902 quod
311 860 498 893 Aldhelmus
527 860 605 891 dicit
632 860 668 891 de
691 859 863 891 Benedieto
890 869 987 890 earm.
1012 858 1048 889 de
1075 858 1152 897 vii-sy.
1175 869 1201 888 v.
1219 859 1282 888 870
1292 868 1356 897 sqq.
1381 876 1421 880 —
1445 858 1587 888 laudavit
1616 857 1670 889 hos
1699 868 1805 889 versus

153 914 247 945 etiam
271 912 406 944 Δ11(ιόιῖΙο
431 913 514 943 Acta
534 911 649 950 12:224
673 929 714 934 —

567 967 677 999 Primo
703 967 756 1008 qui
779 966 890 997 statuit
912 968 1041 997 nostrae
1066 965 1242 996 certamina
1266 965 1361 1004 vitae,

570 1019 718 1056 Qualiter
741 1021 885 1059 optatam
909 1020 1040 1049 teneant
1063 1017 1220 1048 coenobia
1242 1026 1397 1056 normam,

568 1071 705 1112 Quoque
729 1069 826 1101 modo
850 1072 1004 1111 properet
1027 1068 1149 1100 directo
1173 1068 1301 1099 tramite
1325 1070 1452 1098 sanctus

568 1122 622 1154 Ad
646 1132 763 1163 supera
787 1121 944 1152 scandens
967 1120 1130 1152 caelorum
1155 1119 1293 1151 culmina
1317 1119 1431 1159 cultor,

155 1181 210 1213 hoc
232 1182 267 1212 ut
290 1180 408 1212 novisse
431 1189 500 1211 eum
515 1178 683 1220 Benedicti
705 1177 964 1209 monasteriorum
989 1176 1159 1207 conditoris
1177 1176 1290 1206 merita
1309 1175 1508 1213 demonstrat,
1535 1175 1577 1206 ita
1597 1184 1635 1206 ne
1655 1175 1805 1206 levissimo

154 1233 278 1273 quidem
305 1232 422 1263 indicio
451 1241 522 1262 eum
548 1230 721 1262 secundum
744 1229 813 1261 eius
834 1228 976 1269 reculam
1000 1228 1096 1259 vitam
1118 1238 1209 1258 suam
1231 1226 1434 1258 coenobialem
1456 1226 1630 1257 instituisse
1652 1227 1806 1265 deelarat;

154 1286 190 1316 in
210 1294 327 1325 prosae
355 1293 426 1315 vero
449 1283 550 1322 eapite
571 1282 674 1313 XXX
700 1281 782 1313 nihil
809 1281 934 1312 omnino
959 1280 997 1312 de
1018 1279 1125 1320 recula
1148 1279 1310 1310 Benedicti
1333 1279 1442 1317 refert,
1473 1278 1526 1309 sed
1553 1278 1588 1309 de
1610 1279 1678 1309 sola
1700 1278 1808 1319 hymni

155 1336 352 1369 Benedictus
376 1335 430 1378 qui
454 1335 542 1367 venit
565 1335 597 1365 in
620 1335 750 1366 nomine
774 1332 838 1365 Dei
860 1332 1030 1364 harmonia
1054 1331 1204 1371 loquitur.

258 1387 451 1425 Anthemus,
475 1396 565 1427 quem
584 1386 752 1417 rectissime
774 1384 959 1424 Wriyhtius,
983 1384 1091 1423 Bioyr.
1108 1383 1194 1414 Brit.
1212 1382 1257 1415 lit.
1274 1383 1298 1413 I
1309 1383 1373 1414 214
1392 1384 1556 1423 parentem
1573 1382 1678 1421 poesis
1693 1380 1810 1421 Analo-

156 1441 277 1472 latinae
303 1439 456 1482 appellat,
484 1439 529 1470 cis
555 1448 635 1478 quae
661 1437 788 1477 scripsit
816 1436 911 1468 etiam
933 1436 1082 1467 maiorem
1105 1437 1245 1474 certeque
1267 1434 1437 1473 firmiorem
1458 1434 1591 1474 yloriam
1615 1436 1643 1464 et
1666 1433 1806 1464 admira-

156 1494 272 1525 tionem
293 1492 461 1533 acquisivit
482 1501 579 1531 quam
601 1491 646 1522 eis
668 1500 750 1530 quac
771 1489 874 1530 9essit,
897 1498 978 1528 quac
998 1488 1102 1528 gloria
1126 1489 1154 1518 et
1171 1486 1341 1518 admiratio
1360 1495 1423 1517 non
1441 1485 1539 1517 solum
1557 1485 1643 1524 apud
1661 1485 1808 1524 aequales

155 1555 277 1585 eosque,
313 1544 370 1584 qui
399 1543 483 1575 brevi
506 1545 580 1585 post
608 1542 770 1579 vixerunt,
805 1540 938 1581 viyebat,
968 1539 1022 1571 sed
1056 1540 1150 1571 etiam
1185 1538 1272 1580 apud
1306 1547 1364 1575 e08‚
1398 1537 1453 1577 qui
1484 1536 1658 1576 diplomata
1692 1535 1810 1568 saeculi

156 1598 376 1635 exaraverunt,
399 1595 491 1627 certis
513 1594 700 1626 testimoniis
721 1593 826 1625 elucet.
868 1593 918 1624 Ac
940 1592 1066 1631 scripsit
1081 1591 1269 1622 Aldhelmus
1292 1599 1353 1621 non
1371 1599 1489 1629 pauca,
1512 1589 1655 1628 quamvis
1671 1598 1749 1628 quae
1771 1587 1811 1618 ab

156 1649 214 1687 εἰς,
238 1649 294 1689 qui
316 1647 390 1679 inde
412 1657 434 1679 a
455 1647 578 1679 saeculo
600 1645 690 1678 XVI
706 1645 743 1676 de
766 1655 799 1676 eo
821 1646 963 1684 eqerunt,
988 1643 1088 1674 multa
1111 1643 1223 1674 addita
1245 1634 1420 1681 sintsquae
1443 1643 1500 1672 aut
1517 1650 1578 1680 per
1599 1650 1732 1672 errorem
1751 1650 1810 1679 pro

155 1700 370 1741 peculiaribus
396 1699 540 1741 operibus
561 1701 638 1730 sunt
655 1699 774 1737 putata
796 1699 856 1728 aut
877 1696 921 1727 ad
943 1705 1011 1727 eum
1035 1696 1160 1726 omnino
1182 1704 1246 1726 non
1263 1694 1434 1733 pertinent.
1482 1692 1611 1724 Primus
1633 1702 1670 1723 ea
1692 1692 1806 1729 omnia,

157 1752 335 1784 Lelandum
357 1754 481 1783 secutus
504 1753 532 1782 et
553 1760 681 1790 auyens,
704 1750 843 1780 Ioannes
857 1747 979 1780 Baleus
995 1747 1147 1780 Basileae
1167 1746 1250 1777 1559
1273 1747 1434 1777 enumerat
1457 1744 1493 1775 in
1516 1744 1602 1781 libro,
1625 1743 1680 1783 qui
1703 1742 1809 1784 Scrip-

157 1808 262 1837 torum
294 1804 465 1835 illustrium
496 1803 628 1834 maioris
659 1801 826 1833 Britannie
856 1825 892 1833 ..
921 1799 1068 1831 collectio
1103 1798 1302 1835 inscribitur,
1334 1797 1424 1828 cuius
1455 1796 1490 1827 in
1525 1795 1677 1827 Centuria
1706 1795 1810 1833 prima

157 1867 190 1888 n.
205 1855 400 1888 LXXXIII
419 1854 644 1886 Aldhelmiana
673 1854 834 1893 lequntur;
862 1852 936 1883 inde
964 1861 1025 1882 sua
1047 1860 1112 1882 non
1134 1849 1234 1881 solum
1260 1849 1493 1881 Centuriatores
1515 1858 1543 1886 q.
1560 1847 1589 1878 d.
1614 1847 1649 1877 in
1672 1846 1811 1885 Septima

161 1908 315 1940 Centuria
344 1907 569 1939 ecclesiastieae
597 1906 749 1937 historiae
773 1903 936 1945 (Basilcae
959 1904 1059 1943 1562)
1089 1903 1249 1941 ceperunt,
1279 1900 1332 1931 sed
1357 1900 1451 1930 etiam
1479 1898 1674 1939 Polycarpus
1697 1897 1811 1937 Leyser

158 1960 194 1992 in
216 1959 362 1991 Historia
385 1962 555 2001 poetarum
580 1961 613 1989 et
635 1960 823 1999 poematum
846 1955 945 1987 medii
968 1955 1040 1986 aevi
1063 1953 1186 1994 (Halae
1210 1951 1354 1992 illaydeb.
1376 1951 1476 1991 1721)
1499 1961 1530 1989 p.
1550 1950 1612 1980 199
1621 1960 1687 1989 sqq.

262 2011 335 2042 Iam
365 2010 453 2050 apud
483 2010 652 2041 Faricium
681 2010 725 2048 (p.
744 2008 808 2039 364
826 2007 882 2047 G.)
911 2007 1040 2046 lenitur:
1071 2005 1205 2046 Scripsit
1237 2002 1457 2045 (Aldhelmus)
1489 2002 1672 2043 aenigmata
1705 2003 1737 2031 et
1769 1999 1810 2031 de

158 2064 255 2096 laude
276 2063 434 2105 virginum
459 2062 622 2103 geminato
647 2070 756 2103 opere,
780 2070 876 2101 prosa
899 2058 1022 2090 scilicet
1045 2061 1078 2089 et
1100 2057 1241 2088 carmine
1264 2055 1379 2086 librum
1405 2054 1558 2086 eximium
1582 2052 1636 2092 (de
1660 2051 1809 2083 laude—

160 2116 316 2148 eximium
339 2114 428 2146 Beda
451 2113 482 2146 h.
498 2124 522 2144 e.
541 2113 645 2152 V18).
692 2112 867 2144 Contexuit
894 2120 970 2142 vero
999 2109 1223 2151 septiformem
1251 2107 1366 2138 librum
1396 2106 1471 2137 novi
1499 2115 1536 2136 ac
1564 2105 1682 2136 veteris
1712 2106 1811 2135 testa-

159 2169 260 2201 menti
289 2167 420 2199 floribus
448 2169 481 2198 et
509 2165 549 2197 de
577 2168 712 2207 septena
741 2163 968 2205 supputatione
997 2172 1039 2193 ex
1070 2160 1244 2202 disciplinis
1268 2158 1404 2190 collecta
1426 2156 1690 2199 philosophorum
1715 2155 1812 2196 perti-

159 2224 256 2253 nente
279 2220 321 2252 ad
344 2217 532 2260 septiforme
554 2217 673 2248 donum
697 2216 826 2258 spiritus
845 2215 956 2246 sancti.
996 2213 1129 2254 Scripsit
1149 2215 1181 2244 et
1200 2211 1240 2243 de
1259 2210 1471 2242 admiratione
1491 2208 1652 2240 fraternae
1672 2207 1812 2238 caritatis

160 2272 311 2305 volumen
329 2281 439 2312 unum,
464 2280 505 2302 ex
524 2269 564 2309 (l.
587 2268 643 2310 de)
666 2267 899 2300 insensibilium
922 2276 1029 2298 rerum
1052 2268 1176 2303 natura,
1201 2273 1284 2306 quae
1309 2261 1482 2294 secundum
1502 2259 1723 2301 metaphoram
1743 2268 1810 2289 ser-

160 2324 316 2356 mocinari
337 2323 532 2365 figurantur;
555 2321 736 2362 composuit
755 2320 892 2351 alterum
913 2317 953 2350 de
972 2317 1092 2359 pedum
1112 2315 1244 2357 regulis,
1270 2314 1334 2356 (de)
1356 2313 1580 2354 metaplasmo,
1605 2309 1812 2351 synaloepha,

161 2376 327 2408 scansione
352 2379 385 2407 et
407 2374 519 2416 eclipsi
540 2373 580 2414 (l.
598 2372 748 2414 ectlipsi),
773 2372 812 2403 de
833 2371 968 2403 metrica
986 2369 1110 2401 alterna
1128 2368 1165 2409 (l.
1183 2368 1341 2407 alternae)
1358 2363 1616 2406 interrogationis
1633 2366 1665 2394 ct
1680 2371 1812 2402 respon-

161 2428 259 2460 sionis
287 2426 518 2465 vicissitudine
539 2425 663 2457 duabus
692 2424 793 2456 literis
823 2423 977 2459 discreta;
1010 2420 1142 2458 similia,
1172 2419 1225 2450 sed
1253 2418 1335 2451 hisee
1356 2415 1544 2456 praemissis
1567 2415 1742 2445 Praeterea
1771 2411 1813 2443 ad

163 2479 326 2522 quendam
348 2478 534 2510 Aldfridum
559 2488 671 2519 regem
693 2474 1019 2508 Northanimbrorum
1043 2497 1074 2504 ..
1101 2471 1202 2504 edidit
1229 2470 1344 2501 librum
1373 2468 1453 2500 haec
1482 2467 1696 2498 continentem
1725 2463 1812 2505 capi-

163 2531 240 2573 tula,
263 2531 391 2572 scripsit
414 2529 593 2562 Willelmus
607 2539 643 2568 p.
659 2530 724 2559 334
739 2527 801 2559 Η..·
827 2527 856 2558 si
884 2526 1092 2564 conferuntur
1118 2525 1253 2562 utraque
1279 2521 1354 2552 haec
1377 2529 1447 2551 cum
1470 2516 1678 2557 capitulorum
1701 2515 1814 2552 indice,

163 2594 253 2624 quem
275 2582 358 2615 edidi
380 2582 416 2613 in
430 2581 587 2613 Festschr.
606 2581 664 2619 fiir
681 2580 722 2611 A.
738 2590 765 2611 v.
782 2578 940 2617 Bambery
954 2577 1042 2616 p.14
1065 2578 1095 2607 et
1112 2576 1148 2607 in
1167 2575 1224 2605 hae
1242 2573 1376 2604 editione
1396 2573 1468 2603 ante
1486 2571 1655 2600 tractatum
1672 2578 1702 2606 p.
1717 2567 1757 2597 59
1767 2575 1811 2605 sq.

163 2634 302 2676 repetivi,
329 2643 418 2665 nemo
439 2643 503 2664 non
524 2632 615 2670 videt,
638 2642 684 2669 ea,
706 2641 786 2671 quae
808 2640 829 2661 a
851 2628 949 2660 Balco
966 2638 1027 2670 pro
1042 2625 1275 2658 Aldhelmianis
1297 2623 1389 2655 libris
1410 2621 1623 2657 nominantur,
1647 2616 1811 2659 referenda

164 2696 229 2719 esse
255 2685 299 2718 ad
330 2685 474 2727 capitula
496 2685 622 2726 primae
643 2683 754 2723 partis
783 2681 946 2722 epistulae,
973 2689 1070 2719 quam
1098 2675 1281 2709 Aldhelmus
1303 2675 1347 2706 ad
1370 2673 1533 2705 Acireium
1561 2670 1701 2710 scripsit;
1730 2667 1810 2697 hanc

164 2740 268 2770 autem
284 2739 410 2777 partem
431 2735 530 2769 solam
556 2735 748 2768 continuisse
779 2733 902 2765 videtur
935 2731 1031 2764 codex
1060 2731 1102 2768 is.
1136 2729 1193 2769 qui
1223 2727 1354 2759 retinuit
1386 2726 1421 2756 in
1446 2723 1625 2756 Britannia
1656 2720 1808 2751 tractatus
