2022 3057
800 830 1200 878 PRAEFATIO.

987 933 1013 968 I.

283 995 439 1035 Quotquot
453 993 612 1026 Aldhelmi
628 995 843 1034 prodiderunt
858 999 1031 1029 tractatum
1046 1000 1209 1031 metricum
1226 1001 1352 1038 codices
1376 1012 1426 1033 eos
1448 1013 1551 1034 omnes
1573 1005 1617 1035 ud
1632 1015 1821 1037 communem

171 1057 273 1078 mium
294 1046 396 1078 redire
418 1046 547 1085 fontem,
577 1047 634 1086 qui
655 1056 720 1078 non
741 1047 780 1078 ab
803 1047 967 1080 Aldlielmo
993 1050 1058 1089 ipso
1081 1051 1122 1081 sit
1145 1052 1341 1090 patefactus,
1366 1054 1499 1092 probari
1521 1057 1622 1093 potest
1644 1057 1822 1088 certissime.

170 1098 257 1129 Nam
278 1107 360 1138 quae
381 1098 418 1129 in
439 1097 540 1137 capite
563 1097 600 1128 de
622 1098 875 1141 epitritoffquarto
898 1111 930 1131 co
954 1100 1017 1132 loco
1033 1102 1189 1141 lequntur,
1213 1103 1268 1135 ubi
1284 1104 1321 1135 de
1340 1106 1570 1144 praepositione
1594 1108 1624 1138 in
1647 1109 1762 1147 aqitur,
1786 1120 1821 1140 eo

170 1159 236 1181 non
257 1152 407 1189 corrupta
436 1159 500 1180 esse
528 1159 592 1180 non
613 1153 756 1188 possunt.
804 1151 920 1182 Scribit
942 1153 1025 1183 enim
1047 1153 1242 1192 Aldlielmus,
1273 1156 1330 1195 qui
1352 1159 1433 1187 certo
1456 1157 1565 1188 ordine
1587 1158 1652 1189 illic
1675 1159 1711 1190 de
1726 1170 1822 1198 prae—

165 1201 361 1242 positionum
383 1201 419 1232 in
441 1201 659 1240 compositione
681 1202 898 1234 vicissitudine
921 1203 1055 1242 disserit,
1079 1205 1199 1237 codices
1220 1206 1250 1237 si
1271 1207 1440 1246 sequimur,
1465 1208 1607 1248 deinceps
1632 1210 1678 1250 (p.
1695 1212 1757 1241 321
1778 1211 1822 1251 G)

170 1252 207 1284 de
222 1253 513 1292 praepositionibus
535 1252 589 1291 ob,
619 1254 664 1291 in,
695 1264 768 1291 con,
799 1255 858 1293 eis,
887 1265 967 1295 quae
990 1256 1027 1287 de
1042 1258 1278 1296 praepositione
1302 1268 1361 1289 eon
1384 1260 1522 1298 exponit,
1554 1261 1611 1291 sub
1640 1261 1703 1299 fine
1731 1262 1819 1301 (post

170 1305 296 1345 coarto)
319 1304 394 1336 haec
416 1305 557 1336 inserens
579 1305 752 1336 secundum
774 1305 904 1338 Maium
929 1306 1145 1348 Gilesiumque
1166 1311 1214 1349 (p.
1231 1310 1303 1347 322,
1319 1311 1362 1341 26
1373 1320 1436 1350 sqq.
1457 1311 1519 1349 G).·
1543 1313 1675 1353 occipio,
1700 1313 1820 1344 Teren-

169 1357 231 1387 tius
247 1357 286 1397 *in
308 1356 482 1398 Adelphis:
513 1356 630 1397 Recte⁷
662 1357 803 1398 aedepol,
833 1369 928 1400 spero
957 1359 1054 1390 modo
1079 1359 1206 1392 dolores
1230 1364 1339 1392 meatu
1363 1362 1539 1402 occipiunt;
1577 1368 1673 1404 caput
1695 1365 1822 1405 occiput

169 1407 320 1449 sinciput,
349 1418 391 1439 ex
415 1407 540 1439 duobus
563 1409 733 1450 corruptis,
764 1409 798 1440 id
822 1413 870 1440 est
893 1411 989 1441 semis
1013 1415 1118 1452 caput.
1164 1412 1202 1443 In
1226 1413 1422 1454 praepositio
1446 1415 1621 1455 corrumpit
1643 1415 1756 1456 uerba,
1786 1421 1821 1446 ut

169 1459 252 1491 facio
282 1460 405 1500 inficio,
437 1460 529 1501 capio
557 1460 690 1501 incipio,
722 1461 853 1502 gradior
880 1462 1088 1503 congredi0r3
1128 1464 1248 1504 partior
1271 1465 1447 1505 impertior.
1493 1465 1537 1496 Ut
1561 1466 1682 1497 Tullius
1707 1466 1819 1498 Cleero

168 1510 318 1542 Lucanus
340 1510 422 1542 libro
447 1511 588 1542 decimo:
613 1512 722 1553 Atque
747 1512 857 1554 opifex
881 1523 986 1545 rerum
1011 1517 1098 1545 certo
1123 1515 1181 1546 sub
1205 1516 1273 1546 iure
1298 1521 1441 1555 coercet,
1464 1517 1486 1547 i.
1503 1528 1527 1548 e.
1544 1517 1644 1549 denuo
1667 1528 1716 1555 ea,
1739 1529 1819 1557 quac

168 1563 234 1594 iam
256 1563 401 1595 absoluta
423 1566 523 1601 erant,
546 1563 764 1604 redinteyrans
782 1568 855 1604 post
879 1576 937 1597 con
961 1566 998 1597 de
1022 1567 1063 1597 ob
1093 1570 1121 1598 ct
1151 1568 1183 1598 in
1206 1568 1307 1599 denuo
1330 1568 1424 1606 affert
1446 1568 1585 1607 ezenzffla
1615 1572 1642 1599 et
1663 1572 1819 1608 postremo

168 1614 205 1646 de
216 1615 449 1655 praepositione
469 1625 539 1651 con,
563 1626 644 1655 quae
659 1619 754 1647 antea
769 1617 930 1655 attulerat,
955 1618 1056 1649 denuo
1072 1619 1187 1656 dicens,
1212 1620 1257 1650 ita
1272 1622 1316 1657 ut,
1341 1630 1423 1659 quae
1438 1630 1505 1651 una
1521 1620 1653 1651 diccmla
1670 1624 1760 1651 erant
1783 1621 1819 1652 dc

164 1666 452 1706 praepositionibus
474 1667 515 1698 ob
536 1667 569 1698 in
585 1677 654 1705 eon,
671 1667 770 1707 plane
786 1670 894 1700 temere
910 1669 1101 1701 divellantur
1116 1673 1145 1701 ct
1160 1681 1197 1701 ca
1212 1674 1447 1710 componantur,
1470 1682 1550 1710 quac
1565 1671 1647 1702 nihil
1661 1682 1819 1703 commune

167 1717 290 1749 liabent.
334 1718 405 1759 Qua
427 1719 463 1750 ‘in
485 1719 704 1758 compositione
731 1720 766 1751 in
789 1721 846 1758 eis,
875 1731 952 1760 quos
975 1721 1089 1753 Dlaius
1112 1725 1140 1753 et
1167 1721 1253 1753 Giles
1274 1725 1459 1761 sequuntur,
1491 1723 1647 1754 codicibus
1662 1727 1820 1762 postremo

166 1770 262 1801 etiam
284 1773 491 1801 monstrosum
515 1769 597 1801 ill-ud
619 1771 725 1802 existit
749 1771 872 1802 Tullius
889 1772 1002 1803 Cicero
1023 1773 1182 1810 Lucanus,
1206 1773 1289 1813 quod
1310 1784 1420 1804 nomen
1444 1783 1506 1804 non
1529 1774 1605 1805 vitio
1628 1775 1818 1807 traditionis.

165 1821 220 1852 sed
251 1831 355 1853 errore
383 1821 548 1861 scriptoris
578 1824 691 1853 natum
723 1833 786 1854 esse
821 1823 869 1854 M.
891 1823 1055 1854 lllcmitius
1085 1825 1224 1856 coniecit.
1276 1825 1320 1855 At
1349 1825 1378 1855 si
1407 1824 1481 1855 liucc
1509 1826 1614 1856 omnia
1646 1835 1742 1865 usque
1774 1827 1818 1857 ad

166 1872 290 1904 Tullius
319 1872 432 1904 Cicero
460 1891 502 1895 —
530 1875 558 1903 et
591 1872 647 1904 hoc
679 1876 756 1904 sunt
784 1874 903 1905 codices
937 1875 993 1913 qui
1022 1875 1205 1913 confirment
1240 1893 1276 1898 —-
1313 1878 1566 1914 transponantur
1599 1877 1634 1907 ⁴in
1663 1877 1815 1915 paqinam

165 1924 395 1956 antecedentem
412 1927 485 1963 post
509 1924 666 1962 occalluit,
690 1926 797 1956 onmia
820 1928 899 1957 recte
921 1926 1004 1957 inter
1019 1937 1051 1957 sc
1066 1936 1181 1957 concta
1197 1927 1310 1965 optime
1325 1926 1440 1964 fluunt,
1466 1928 1511 1958 ita
1533 1930 1569 1958 ut
1593 1928 1670 1958 milii
1685 1928 1815 1959 dubium,

164 1986 229 2007 non
252 1976 303 2014 sit,
326 1976 406 2015 quin
421 1975 494 2006 olim
510 1976 617 2006 omnia
639 1976 685 2006 sic
707 1976 828 2015 fuerint
844 1978 955 2015 posita
977 1980 1006 2008 et
1028 1988 1115 2008 nunc
1138 1978 1252 2008 iterum
1275 1978 1320 2008 sic
1342 1978 1407 2008 sint
1424 1979 1580 2017 ponenda.
1628 1978 1712 2009 Nam
1734 1980 1817 2019 quod

164 2027 248 2059 facio
266 2028 490 2068 —impertior
511 2027 601 2065 infra
625 2027 726 2058 denuo
749 2027 904 2067 leyuntur,
929 2029 963 2059 id
985 2028 1041 2059 hoc
1063 2028 1126 2060 Ioco
1149 2029 1197 2060 nit
1218 2029 1307 2068 fucit,
1331 2030 1481 2068 quoniam
1500 2031 1608 2069 priore
1631 2030 1693 2062 Ioco
1715 2030 1813 2061 allato

163 2081 251 2116 sunt,
281 2081 318 2109 ut
341 2078 474 2119 probent
505 2079 536 2108 in
558 2079 792 2118 praepositione
815 2080 973 2120 corrumpi
995 2080 1108 2118 uerba,
1139 2080 1203 2112 Ioco
1226 2081 1377 2119 inferiore
1405 2081 1438 2111 id
1465 2082 1531 2121 ayit
1553 2081 1750 2119 Ablhebnus,
1781 2085 1815 2113 ut

163 2131 234 2172 ipsa
250 2130 490 2172 praepositione
513 2130 639 2171 integra
664 2130 871 2162 cohaerentia
895 2131 1056 2172 corrumpi
1079 2131 1193 2163 doceat.
1233 2132 1378 2163 Redeunt
1402 2133 1498 2172 iqitur
1513 2132 1631 2164 codices
1652 2134 1752 2164 nostri
1775 2151 1815 2156 —-

162 2191 238 2212 nam
261 2191 325 2213 non
340 2182 440 2212 ‘entius
455 2181 566 2212 classis
588 2184 663 2212 sunt
679 2182 805 2219 codices,
829 2183 886 2221 qui
909 2183 943 2213 in
959 2182 1018 2213 hac
1033 2182 1211 2222 corruptela
1228 2184 1425 2214 consentiunt
1447 2201 1488 2206 -
1512 2184 1554 2214 ad
1570 2194 1667 2214 unum
1683 2184 1815 2215 codicem

163 2231 291 2264 librarii
312 2232 452 2264 alicuius
473 2235 603 2272 peccato
625 2233 845 2272 depravatum,
875 2234 932 2273 qui
953 2244 1033 2273 quac
1057 2234 1092 2265 in
1114 2234 1280 2274 archetypo
1309 2245 1366 2266 suo
1397 2235 1440 2266 ad
1461 2235 1632 2274 niarqincm
1654 2236 1814 2274 adscripta

161 2285 332 2322 invenerat,
356 2285 391 2316 in
407 2284 508 2316 locum
526 2295 646 2323 parum
659 2285 806 2316 idoneum
822 2286 974 2324 inseruit;
996 2296 1072 2316 nam
1088 2285 1288 2317 Aldlietmum
1311 2286 1391 2317 tatia
1407 2286 1573 2326 deliquisse
1595 2297 1682 2317 nemo
1705 2287 1813 2325 opina-

163 2336 257 2374 bitur,
280 2337 432 2376 quoniam
453 2337 489 2367 in
511 2336 716 2375 dispositione
738 2327 938 2377 sinqularum
954 2338 1100 2376 partium
1124 2337 1210 2369 nullo
1234 2338 1268 2369 in
1293 2338 1356 2369 loco
1378 2338 1439 2369 sibi
1462 2339 1566 2377 reique
1589 2348 1665 2369 suae:
1687 2338 1777 2369 deest.

271 2388 335 2420 Sed
357 2399 394 2420 ca:
417 2387 480 2420 loeo
503 2388 604 2419 eodem
627 2387 680 2420 illo
703 2389 798 2420 ctiam
828 2399 865 2420 ea
891 2391 1023 2428 possunt
1051 2389 1135 2427 crui,
1165 2390 1279 2429 quibus
1305 2390 1349 2420 ad
1371 2390 1488 2421 codices
1513 2390 1594 2428 ipsos
1615 2389 1814 2420 secernendos

162 2439 327 2470 ducamur.
380 2439 467 2471 Nam
497 2440 532 2470 in
554 2440 710 2480 Auyiensi
737 2440 840 2472 codice
865 2440 901 2471 K
926 2443 955 2471 et
984 2441 1019 2471 in
1041 2440 1192 2472 Parisino
1211 2455 1251 2469 =
1269 2441 1480 2472 Lemovicensi
1503 2440 1549 2472 Ρ1
1574 2440 1658 2471 locus
1688 2440 1736 2471 illc
1769 2441 1811 2471 ita

161 2491 351 2522 terminatur
376 2491 544 2532 impertior
570 2495 604 2522 ut
631 2491 740 2523 tullius
769 2492 873 2523 cicero
902 2493 1135 2523 inuectiuarum
1159 2492 1213 2523 lib.
1232 2492 1282 2523 HI
1310 2493 1354 2523 ait
1376 2492 1487 2533 ‘atque
1515 2492 1612 2523 etiam
1643 2492 1711 2522 uiro
1740 2492 1810 2522 forti

162 2542 277 2584 0011ng
305 2552 378 2574 meo
403 2542 473 2573 laus
494 2542 691 2584 impertitur’
715 2543 820 2574 fateor
847 2543 973 2574 infiteor
1001 2553 1122 2585 quaero
1151 2544 1276 2585 inquiro
1306 2554 1400 2575 arceo
1429 2553 1563 2574 coerceo
1596 2544 1724 2582 (carcco
1748 2543 1811 2581 ΡΙ]

161 2593 310 2624 Lucanus
337 2593 418 2624 libro
441 2593 487 2630 X,
521 2604 591 2625 cum
620 2594 655 2625 in
681 2595 791 2625 ceteris
818 2593 949 2634 legatur,
981 2597 1018 2625 ut
1045 2605 1116 2625 cum
1138 2594 1232 2626 Dlaio
1254 2594 1475 2625 Mam-iamim.
1498 2593 1535 2625 N
1556 2597 1699 2633 sequen-te
1725 2594 1810 2625 Gilos

161 2643 406 2676 Lemovicensem
425 2644 474 2675 nil
488 2655 607 2676 curans
622 2645 736 2676 edidit:
757 2645 942 2687 ‘impertior
965 2649 999 2676 ut
1015 2645 1123 2676 tullius
1140 2646 1244 2677 cicero
1262 2646 1393 2677 lucanus
1409 2645 1488 2676 libro
1506 2645 1561 2676 Χ).
1597 2645 1690 2676 Duae
1714 2645 1811 2683 iglitur

160 2695 398 2726 constituuntur
416 2696 557 2727 codicum
579 2696 700 2735 classes,
723 2707 860 2737 mearum
884 2696 986 2728 altera
1001 2697 1190 2737 Auqicnsem
1214 2700 1243 2728 ct
1258 2697 1501 2728 Lcmoricenscm
1525 2695 1744 2735 corripiet-titur.
1767 2695 1811 2725 ad

161 2745 294 2778 alteram
311 2746 427 2787 reliqui
442 2747 561 2779 codices
583 2751 659 2779 sunt
674 2747 841 2788 releqandi.
881 2749 926 2779 At
941 2748 1000 2779 hac
1015 2749 1235 2780 distributione
1258 2748 1353 2779 simul
1367 2748 1499 2779 altr-rum
1523 2747 1647 2786 aliquid
1660 2747 1809 2784 effim‘tur:

1572 2806 1602 2829 5*
