2183 3077
801 136 968 163 CARMINA
988 136 1215 163 RHYTHMICA.
1777 141 1838 171 537

440 225 520 256 Tete
546 224 652 255 Herus
676 225 707 255 in
731 224 878 255 omnibus
1149 224 1289 265 Sophiae
1314 228 1450 255 stemma
1476 225 1628 256 lucidum:

326 289 349 308 10
394 275 524 307 Clarum
548 275 669 306 creavit
692 275 827 311 actibus,
1078 287 1101 305 ir·
1148 276 1270 315 Manus,
1296 287 1407 306 manus
1434 276 1606 309 mirabiles,

395 327 514 358 Forma
539 330 571 357 et
595 327 662 357 visu
687 326 821 365 virilem,
1149 326 1284 357 Multum
1311 327 1410 368 pedes
1435 327 1612 368 placibiles,

396 377 496 409 Facto
521 382 554 409 et
577 377 661 409 «licto
685 377 830 408 senilem.
1149 377 1262 409 Tibiae
1287 388 1379 409 cursu
1405 383 1523 409 tereres

396 429 498 460 Tuam
524 429 658 470 primam
683 429 895 469 propaginem
1148 429 1230 459 Tam
1255 430 1364 467 fortes,
1389 433 1423 460 ut
1447 429 1617 471 sonipedes

395 480 460 511 Per
483 480 674 521 profundam
699 479 883 521 indaginem
1149 480 1255 521 Saepe
1280 484 1454 521 sequantur
1477 481 1620 512 cursibus

325 545 347 563 15
393 531 525 563 Curiose
550 532 696 563 conicere
1076 544 1101 562 50
1147 531 1306 562 Salientes
1331 532 1546 572 praepetibus.

395 583 512 614 Mentis
536 587 632 624 atque
656 583 813 624 inspicere
1195 583 1261 613 lam
1286 583 1311 613 si
1336 584 1478 614 centenis
1503 583 1647 615 clamitet

395 634 509 665 Nullus
534 634 619 665 valet
642 633 822 665 volucribus
1148 634 1292 675 Quisque
1316 634 1431 676 linguis
1455 638 1487 666 et
1511 636 1630 666 vocitet

395 686 518 717 Summi
543 686 622 717 caeli
646 686 704 717 sub
730 685 879 719 nubibus:
1148 685 1269 717 Ferrea
1293 696 1370 717 voce
1396 687 1561 717 fremitans

395 737 519 769 Tamen
543 736 689 778 adgressi
712 737 841 778 gaudiis
1147 736 1251 768 Valde
1277 741 1309 768 et
1333 748 1387 768 ore
1413 739 1582 778 crepitans,

323 802 347 821 20
391 789 569 830 Loquimur
592 799 705 829 parum
729 788 871 829 trepidis.
1076 801 1099 819 5⁵
1145 788 1265 829 Nequit
1289 799 1365 820 sane
1390 789 1419 819 in
1444 790 1572 820 saeculo

439 840 570 871 Summo
594 843 700 871 satore
724 839 843 871 sobolis
1151 839 1242 871 Ullus
1267 839 1325 871 fari
1350 840 1490 876 oraculo,

396 891 491 923 Satus
515 892 601 923 fuisti
626 891 754 927 nobilis,
1148 891 1310 927 Quantum
1334 892 1454 922 mundo
1478 892 1658 923 mirabilem

397 943 562 975 Generosa
589 944 775 984 progenitus
1150 942 1207 983 (Te
1224 946 1367 982 praestes
1389 946 1418 974 et
1440 943 1652 985 laudabilem),

396 995 580 1033 Genetrice,
605 994 776 1035 expeditus
1149 994 1263 1036 Neque
1288 994 1388 1025 altum
1413 995 1578 1035 ingenium

323 1059 347 1077 25·
393 1046 531 1081 Statura,
560 1046 680 1086 (vande
705 1045 828 1076 stabilis
1075 1058 1100 1076 eo
1144 1044 1315 1086 Explieare
1340 1046 1523 1077 mortalium

397 1097 488 1129 Statu
513 1102 545 1129 et
569 1097 670 1128 fornia
695 1097 797 1138 agilis.
1148 1096 1240 1127 Ullus
1263 1097 1360 1135 valet,
1385 1096 1571 1128 sonantibus

395 1149 509 1190 Capud
532 1148 727 1180 candescens
752 1148 890 1179 crinibus
1148 1148 1240 1178 Licet
1263 1148 1381 1179 clamet
1404 1148 1625 1185 concentibus;

396 1200 537 1242 Cingunt
560 1200 667 1241 capilli
690 1199 812 1235 nitidis;
1148 1198 1243 1234 Quod
1268 1199 1386 1230 idcirco
1410 1210 1473 1230 non
1497 1200 1597 1231 effero

395 1253 520 1283 Lucent
543 1252 600 1282 sub
625 1251 729 1282 fronte
754 1252 884 1289 lumina,
1149 1250 1261 1281 Laude
1285 1251 1397 1292 quavis
1421 1261 1479 1282 nec
1504 1252 1629 1291 reffero,

323 1316 348 1335 ³⁰
392 1303 466 1334 Lati
490 1313 549 1334 ceu
573 1313 631 1344 per
654 1303 793 1334 culmina
1075 1314 1099 1332 cs
1145 1302 1227 1337 Quia
1251 1301 1361 1332 mundi
1385 1312 1443 1342 per
1465 1303 1571 1333 omnia

396 1354 486 1386 Caeli
510 1354 704 1385 candescunt
728 1353 830 1385 calida
1149 1352 1279 1384 Cunctis
1304 1353 1403 1384 claret
1427 1354 1572 1385 confinia.

395 1406 481 1437 Clari
505 1406 639 1447 fulgoris
663 1406 785 1439 sidera:
1192 1404 1353 1445 Sospitem
1377 1408 1443 1436 tete
1468 1405 1613 1436 sordibus

395 1457 506 1489 Genae
531 1457 691 1499 gemellae
715 1457 850 1488 collibus
1149 1456 1263 1487 Servet
1286 1456 1392 1487 Herus
1416 1456 1456 1487 ab
1481 1456 1636 1490 omnibus.

395 1509 623 1540 Glomerantur
646 1519 718 1539 cum
742 1508 901 1547 mollibus,
1148 1508 1253 1548 Tegat
1277 1511 1379 1539 totum
1404 1509 1558 1539 tutamine

322 1574 346 1592 35
391 1560 631 1601 Pedetemptim
655 1570 816 1601 purpureo
1077 1573 1101 1591 το
1146 1560 1247 1591 Truso
1272 1559 1371 1590 hostis
1395 1561 1552 1595 acumine,

394 1612 506 1643 Pictae
531 1612 603 1642 fuco
628 1615 660 1642 et
683 1612 787 1649 niveo,
1148 1611 1227 1642 Mite
1252 1610 1391 1641 reddens
1415 1611 1573 1651 refugium

394 1663 482 1694 Rosa
506 1663 603 1694 veluti
628 1663 740 1694 rutulis
1148 1661 1327 1692 Robustum
1352 1673 1411 1703 per
1434 1663 1630 1703 suffragiuQ

395 1714 516 1746 Radiat
538 1714 632 1745 valde
657 1715 811 1750 flosculis3
1149 1713 1250 1753 Inque
1275 1713 1360 1744 locet
1384 1714 1572 1745 aethereum

395 1767 500 1797 Aures
525 1766 705 1797 auscultant
729 1766 849 1797 omnia:
1148 1764 1306 1795 Caelestis
1329 1766 1445 1805 sceptri
1470 1766 1638 1806 gremium,

324 1831 348 1848 ω
393 1817 504 1848 Verba
528 1828 569 1848 ex
594 1827 648 1848 ore
673 1817 799 1858 prodita
1076 1828 1099 1846 π.
1146 1814 1209 1846 Ubi
1233 1826 1361 1856 semper
1385 1817 1579 1847 consortium

396 1868 483 1899 Almi
507 1869 570 1899 oris
594 1869 760 1899 innumera
1150 1865 1332 1897 Perfruaris
1355 1867 1537 1909 angelicum

396 1920 569 1961 Nequeunt
593 1919 651 1950 fari
676 1929 818 1951 munera.
1148 1917 1228 1948 Fine
1252 1928 1375 1955 carens,
1399 1919 1592 1950 caelestibus

439 1971 543 2002 Adest
567 1971 723 2002 verbosae
748 1970 905 2012 fulgidum
1149 1969 1258 2000 Vitam
1283 1969 1405 2010 degens
1429 1970 1611 2011 cespitibus.

284 2045 300 2071 9
313 2047 376 2072 Tete
391 2046 417 2077 V,
432 2047 476 2076 Te,
491 2050 515 2071 te
526 2046 597 2071 Giles
664 2044 694 2069 13
707 2045 817 2077 primum
832 2044 854 2067 V
918 2043 950 2069 15
968 2043 1070 2074 curiose
1087 2042 1108 2066 V
1171 2042 1205 2068 24
1223 2044 1352 2074 genetrice
1367 2047 1392 2068 et
1405 2043 1488 2068 editus
1509 2043 1544 2068 W.
1556 2043 1644 2076 Meyer
1710 2045 1744 2071 25
1757 2045 1840 2071 desta-

180 2089 240 2114 bilis
259 2088 286 2119 V,
306 2097 373 2114 corr.
387 2088 460 2119 ιῙιιῇὶέ
524 2089 626 2114 Statura
645 2088 717 2113 adest
734 2088 828 2112 habilis
847 2087 882 2112 W.
896 2087 982 2119 Meyer
1072 2084 1105 2111 34
1124 2085 1220 2111 ollibus
1238 2085 1262 2109 V
1338 2085 1371 2110 37
1390 2087 1426 2110 sic
1444 2085 1472 2116 V,
1492 2087 1576 2111 rutilis
1588 2086 1662 2117 Jaffcs
1732 2087 1765 2114 43
1785 2097 1840 2114 uer⁴

180 2132 243 2157 bosa
259 2131 288 2163 V,
304 2132 426 2157 verbosae
441 2132 533 2163 Haupt
607 2130 640 2156 44
658 2131 739 2163 sopha
753 2136 779 2156 et
791 2139 866 2155 omne
886 2130 912 2160 V,
933 2129 1038 2163 sophiae
1050 2129 1137 2154 lumen
1152 2129 1250 2161 Haupt,
1264 2138 1330 2154 corr.
1346 2129 1444 2154 Traube
1521 2128 1555 2155 46
1572 2131 1710 2162 placabiles
1728 2131 1757 2162 Γ,
1774 2140 1841 2156 corr.

180 2173 254 2204 Jaffe
317 2173 350 2199 48
369 2179 469 2199 tantum
483 2193 505 2199 ..
519 2174 620 2207 sonipes
640 2173 667 2203 V,
690 2182 757 2198 corr.
772 2172 846 2203 Jaffe'
909 2171 943 2197 49
962 2171 1128 2204 *sequuntur
1146 2171 1170 2195 V
1232 2171 1264 2197 51
1286 2173 1351 2197 Nam
1371 2171 1395 2195 V
1456 2171 1489 2197 56
1508 2173 1561 2198 sare
1582 2172 1605 2196 V
1653 2172 1686 2198 58
1701 2173 1803 2199 *omisit
1819 2174 1843 2197 Γ

180 2216 215 2242 64
233 2217 312 2242 lauda
327 2216 351 2240 V
413 2216 446 2242 65
462 2217 506 2249 qui
521 2216 545 2240 V
613 2215 646 2241 69
663 2220 735 2249 togat
752 2216 774 2239 V
842 2215 874 2241 'll
888 2214 955 2241 *rite
974 2215 1000 2245 V,
1019 2215 1052 2240 mi
1065 2219 1090 2240 te
1102 2213 1175 2245 Jaffe'
1239 2214 1272 2240 78
1288 2215 1365 2248 deges
1384 2214 1407 2238 V
1469 2220 1527 2246 pose
1545 2224 1566 2241 υ.
1580 2218 1609 2241 78
1627 2217 1684 2242 finit
1697 2225 1800 2242 carmen
1819 2217 1842 2240 V

284 2281 300 2308 9
319 2280 408 2307 Herus
422 2291 454 2302 =
467 2280 599 2312 dominus,
617 2279 691 2311 (lens,
709 2280 744 2311 cf.
757 2279 794 2305 acl
812 2279 887 2305 112⁶
958 2278 991 2306 10
1008 2279 1045 2312 cf.
1062 2277 1109 2304 IV
1123 2281 1157 2304 69
1166 2286 1203 2311 sq.
1286 2278 1317 2304 13
1336 2282 1373 2304 21.
1389 2278 1465 2304 Inter
1475 2278 1579 2312 primos
1590 2286 1663 2313 reyes
1678 2279 1840 2305 Merciornm

180 2331 386 2358 enumerabatur
407 2331 483 2363 Offa,
507 2332 556 2365 qui
574 2333 674 2364 quarta
689 2331 858 2365 ueneratione
876 2333 959 2357 natus
981 2332 1038 2356 erat
1057 2339 1074 2355 α
1098 2330 1207 2362 Woden,
1227 2339 1243 2355 (ι
1264 2338 1315 2363 quo
1333 2332 1388 2363 fere
1403 2337 1486 2362 ycnus
1504 2337 1583 2355 snam
1602 2329 1734 2356 ducebant
1757 2331 1842 2364 reyiae

181 2383 405 2417 Anqlosaaeonwn
417 2383 540 2417 familiae
553 2385 588 2417 cf.
603 2383 729 2409 Historia
743 2383 887 2409 Brilonzlm
898 2393 930 2404 =
942 2382 1075 2409 Chronica
1092 2382 1199 2408 minora
1211 2381 1249 2408 etl.
1267 2382 1290 2407 T
1290 2382 1315 2408 h.
1329 2381 1476 2408 Mommsen
1490 2380 1545 2407 III
1557 2389 1585 2414 p.
1599 2383 1649 2407 203
1720 2382 1750 2408 21
1765 2384 1841 2409 sator

180 2435 217 2467 cf.
236 2433 274 2459 ad
292 2434 346 2460 ΙΙΙ
359 2439 371 2460 1
459 2434 492 2460 27
511 2434 590 2460 Nihil
609 2434 652 2460 hic
674 2434 708 2460 de
730 2434 808 2460 cani-5
831 2433 937 2468 capillis
958 2433 1063 2468 agitur,
1086 2435 1116 2459 ut
1140 2441 1161 2459 e.
1172 2441 1197 2466 9.
1217 2432 1363 2467 Briylztius
1386 2441 1488 2459 versum
1511 2433 1714 2465 interpretatm·‚
1741 2432 1787 2459 sed
1810 2433 1842 2458 dc

180 2484 276 2511 nitidis
294 2485 411 2518 capillis,
437 2485 532 2518 qmlms
553 2485 668 2519 splendet
691 2485 785 2512 Horae
807 2488 889 2518 caput
984 2485 1018 2511 30
1041 2486 1077 2518 cf.
1096 2484 1134 2510 ad
1156 2485 1171 2510 I
1185 2488 1215 2510 ,55
1235 2496 1267 2506 =
1287 2484 1374 2510 IV6?
1465 2484 1498 2509 32
1523 2486 1557 2516 cf.
1580 2483 1626 2509 IV
1635 2487 1666 2509 57
1753 2484 1786 2509 35
1805 2486 1840 2517 cf.

182 2536 216 2562 A.
230 2536 360 2570 Zingerle,
381 2536 447 2563 Ouid
464 2537 524 2562 und
540 2538 595 2563 sein
613 2537 775 2564 Verha‘llniss
792 2545 825 2563 ειι
843 2537 933 2563 seinen
948 2536 1123 2570 Vorqfivzqern
1135 2536 1152 2561 1
1165 2540 1207 2562 114
1284 2536 1318 2561 42
1337 2535 1372 2566 ef.
1393 2534 1440 2560 IV
1453 2538 1478 2560 71
1563 2534 1595 2559 51
1622 2533 1696 2566 Ver-9.
1716 2535 1784 2560 Aen.
1803 2534 1842 2560 ΓΙ

183 2591 231 2614 625
249 2588 321 2621 Non⁷
341 2588 410 2615 mihi
429 2589 452 2615 si
465 2588 579 2622 liuguae
593 2591 703 2616 centum
717 2588 773 2616 sint
787 2597 890 2622 oraque
909 2590 1029 2620 centum,
1048 2587 1147 2614 Ferrea
1162 2595 1221 2617 vox,
1235 2586 1323 2613 omnis
1338 2586 1469 2612 scelerum
1487 2584 1682 2619 comprendere
1696 2585 1797 2612 formas
1813 2606 1818 2612 .
1833 2605 1839 2612 .

183 2639 296 2673 possim.
326 2639 451 2666 Seclulius
469 2648 548 2666 earm.
560 2640 653 2673 pasch.
667 2640 726 2667 199
739 2640 813 2667 Nam
833 2641 944 2666 centum
964 2639 1032 2666 licet
1051 2647 1099 2665 ora
1113 2646 1232 2669 movens,
1252 2646 1304 2664 vox
1324 2638 1411 2664 ferrea
1431 2637 1534 2663 clamet
1549 2636 1741 2670 Centenosque
1759 2645 1839 2663 sonos

184 2690 337 2717 humanum
361 2693 460 2725 pectus
481 2691 607 2722 anhelet,
631 2694 731 2719 cuncta
750 2691 814 2725 quis
834 2691 965 2725 expediet
985 2710 991 2717 .
1005 2710 1011 2716 .
1031 2690 1108 2721 Jaffe
1198 2690 1230 2715 G?
1249 2689 1284 2721 cf.
1305 2689 1351 2715 IV
1364 2692 1398 2715 75.

809 2776 818 2777 c
832 2776 844 2777 ἶ
862 2769 1148 2783 Awoe-„j

287 2804 429 2829 Acca-omas
448 2804 639 2832 Axrmtissnu
657 2804 710 2828 XV.
1599 2798 1631 2826 68
