2183 3077
925 121 1137 148 PRAssmrlo.
1797 130 1858 158 :329

206 206 298 237 dicit:
325 205 472 248 ‘Scripsit
497 210 528 238 et
552 207 592 238 de
616 207 797 247 virginitate
821 207 937 238 librum
962 208 1130 247 eximium,
1154 218 1249 249 quom
1274 209 1304 238 in
1334 209 1517 250 exemplum
1544 210 1665 242 Sedulii
1695 213 1858 253 geminato

205 267 304 299 opere
329 261 360 290 et
384 257 528 289 versibus
553 259 726 289 exametris
750 262 782 289 et
806 269 897 299 prosa
923 258 1112 300 conposuit',
1139 260 1283 298 quamvis
1306 261 1423 291 errarit
1449 262 1481 292 in
1504 262 1612 293 ordine
1636 263 1857 303 clironoloyieo,

205 319 275 339 cum
303 308 453 340 Sedzdius
486 320 611 341 carmen
643 310 831 341 Macedonio
865 310 988 340 demzcm
1016 310 1189 349 presbitero
1222 313 1364 341 monente
1399 312 1433 342 ‘in
1468 312 1655 344 rhetoricum
1690 325 1859 345 sermonem

205 359 414 397 transtulerit,
438 370 500 391 vnon
519 371 648 399 prosam
674 361 705 391 iu
730 371 845 397 versus,
869 363 904 391 ut
921 360 1113 392 Aldhelmus.
1147 362 1297 392 Attamen
1314 362 1429 401 duplus
1444 364 1532 402 apud
1556 367 1722 404 utrumque
1738 369 1858 396 constat

204 411 353 441 tractatio
376 421 506 450 clamque
529 422 642 442 morem
667 411 736 442 inde
759 412 798 443 ab
821 411 979 442 Aldlielmi
1001 414 1135 451 tempore
1155 413 1250 443 etiam
1270 413 1359 451 apud
1373 413 1454 444 alios
1473 414 1649 453 incaluisse,
1675 427 1736 447 non
1758 417 1857 448 solum

204 462 257 499 eis,
281 472 361 501 quae
385 462 422 493 L.
443 463 566 493 Traube
589 462 685 494 PIaC
704 462 768 493 III
788 464 851 493 371
874 463 918 494 ad
939 462 1039 494 locum
1063 474 1101 494 ea:
1124 463 1273 494 Hrabani
1293 464 1408 495 sslauri
1428 466 1628 504 praefatione
1651 468 1687 498 ‹Ie
1711 467 1858 499 laudibus

205 512 236 544 S.
258 512 370 544 Crucis
386 514 580 553 desumptum
605 513 722 551 attulit,
746 514 800 545 sed
821 515 916 545 etiam
932 514 1040 545 Bedae
1063 515 1128 546 cita
1148 515 1321 554 Cutlzperti,
1345 527 1425 555 quae
1442 518 1540 555 prius
1562 518 1695 550 heroicis
1713 520 1858 557 versibus,

204 564 315 596 deimle
333 575 432 605 prosa
456 565 596 596 oratione
618 568 662 596 est
685 565 862 604 consem'pta
886 566 941 605 (cs.
959 565 1122 597 Plummer
1148 567 1192 597 ad
1214 567 1337 597 Bedam
1362 568 1383 598 I
1399 578 1432 606 p.
1453 568 1645 610 CXLVII),
1676 573 1704 601 et
1728 571 1860 602 Alcuini

207 615 394 647 Wilibrordi
402 617 546 656 primum
556 627 656 656 prosa
673 634 711 639 —-
729 619 765 647 ut
777 616 936 648 Aldiielmi
951 620 1108 649 tractatus
1120 635 1170 656 —,
1187 618 1298 649 deinde
1314 619 1452 650 versibus
1468 623 1599 651 &emata
1616 621 1858 661 demonstratur,

203 676 257 698 nec
286 678 349 698 non
373 668 510 705 conferri
526 670 662 707 possunt
689 667 814 699 Sedulii
841 668 941 700 Scotti
966 672 1137 708 praecepta
1171 670 1208 701 de
1236 669 1413 701 christiana
1443 671 1522 709 vila,
1553 683 1686 711 quorum
1717 673 1859 712 capitula

202 718 329 758 sinqula
358 719 487 750 Boethii
520 719 677 760 ecemplar
709 722 833 750 secutus
863 719 1013 751 Sedzdius
1047 721 1186 752 versibus
1221 724 1367 760 concepta
1397 723 1551 760 repetivit,
1581 723 1765 764 Ileiririque
1794 726 1859 755 vita

203 769 234 801 S.
258 770 425 808 Germani,
455 771 490 801 in
520 781 584 810 qua
608 764 759 802 IIeiricus
787 771 966 803 Constantii
988 782 1119 811 prosam
1145 791 1180 794 —
1207 776 1243 803 ut
1275 777 1348 804 (ocu
1377 784 1446 805 cum
1471 774 1608 814 Prosper
1636 775 1715 807 locos
1737 776 1859 807 selectos

202 821 379 860 Auqustini
401 841 442 845 -—
466 822 500 853 in
522 832 630 853 versus
653 822 768 862 redeqit
791 823 831 860 cf.
849 823 886 853 L.
907 823 1030 854 Traube
1053 823 1146 855 PZaC
1167 824 1230 855 III
1249 826 1322 861 423,
1338 826 1368 856 2.

312 871 376 904 Sed
394 883 586 913 quamquam
601 874 764 904 artissima
782 884 880 913 prosa
896 877 924 905 et
948 885 1074 906 carmen
1090 876 1317 907 necessitudine
1341 887 1378 907 ac
1402 877 1621 909 vicissitudine
1644 882 1718 910 sunt
1741 890 1858 911 commea

204 923 293 962 ‘isque
316 934 451 955 coneoeus
473 934 535 956 non
559 925 667 964 esf'ttqit
690 925 844 964 aequales,
869 928 973 957 tamen
997 927 1031 958 'in
1046 927 1133 957 nullo
1155 928 1279 958 omnino
1296 928 1397 959 codice
1413 939 1507 967 opera
1524 930 1592 969 ipsa
1610 930 1671 961 duo
1687 932 1857 962 coniuncta

202 973 358 1014 lequutur,
381 976 638 1014 quemadmodum
660 986 723 1008 non
747 976 893 1016 leyuntur
915 978 1083 1008 coniuncta
1099 988 1224 1009 carmen
1240 978 1363 1010 Sedulii
1384 983 1412 1010 ct
1430 990 1538 1019 prosa,
1562 992 1599 1012 ae
1610 985 1741 1023 propter
1758 983 1858 1022 ipsam

195 1025 319 1066 proloqi
342 1029 370 1057 et
393 1027 504 1067 epilogyi
527 1027 736 1065 differentiam
759 1028 831 1066 sicr-i
852 1038 915 1059 non
933 1029 1053 1068 potuit,
1082 1029 1166 1068 quod
1187 1029 1398 1061 lubentissinm
1418 1030 1577 1071 fecissem,
1611 1035 1645 1062 ut
1677 1036 1741 1064 tota
1765 1044 1858 1073 opera

201 1077 294 1108 iuzta
314 1078 420 1116 posita
443 1079 526 1118 typis
548 1082 866 1118 repraesentarcntur,
890 1080 1031 1119 quamvis
1053 1080 1096 1111 ad
1118 1083 1235 1111 textum
1259 1081 1391 1112 alterius
1421 1085 1449 1113 et
1477 1083 1715 1122 intelleqendum
1738 1088 1766 1115 et
1789 1096 1858 1117 con-

201 1129 397 1160 stituendwn
420 1129 552 1161 alterius
574 1133 677 1161 teaelus
693 1130 872 1170 plurimum
888 1131 1040 1172 conferat,
1067 1132 1111 1162 ita
1134 1134 1170 1162 ut
1193 1132 1340 1173 sufficere
1362 1134 1534 1172 oportuerit
1549 1137 1659 1166 notare
1682 1136 1762 1167 locos
1779 1137 1858 1168 inter

201 1189 234 1210 se
256 1180 382 1211 similes.
422 1180 488 1212 Nec
510 1184 614 1213 tamen
636 1182 713 1213 adeo
736 1183 878 1221 componi
901 1185 1070 1222 utrumque
1094 1193 1172 1223 opus
1194 1194 1257 1215 non
1275 1185 1419 1224 potuisse
1443 1185 1609 1216 dolendum
1632 1190 1684 1225 est,
1708 1189 1858 1227 quoniam

201 1231 266 1270 ipse
290 1232 441 1263 carminis
464 1235 568 1263 textus
590 1233 625 1264 in
647 1233 804 1265 codicibus
826 1235 1052 1273 manuscriptis
1068 1237 1132 1266 tam
1148 1236 1265 1275 eqreyie
1282 1238 1325 1266 est
1342 1236 1491 1275 traditus,
1516 1240 1551 1268 ut
1567 1248 1642 1269 raro
1663 1238 1706 1269 ad
1728 1242 1858 1271 externa

202 1282 344 1313 subsidia
366 1283 408 1314 sit
431 1283 660 1324 refugiendum.

309 1333 490 1373 Principem
523 1337 628 1367 autem
662 1336 745 1367 inter
778 1337 930 1368 carminis
960 1337 1178 1369 Aldbclmiaui
1212 1338 1329 1369 codices
1361 1339 1456 1376 facile
1489 1339 1604 1371 obtinet
1635 1340 1733 1373 locum
1764 1343 1858 1375 codex

203 1383 371 1416 Gotlzauus
387 1386 409 1417 Ι
423 1387 462 1417 75
480 1387 533 1426 (=
549 1388 608 1427 A),
633 1388 689 1427 qui
711 1388 804 1419 coclea*
826 1388 947 1420 sacculo
962 1399 996 1428 p.
1013 1389 1067 1420 Ch.
1084 1400 1115 1420 n.
1133 1392 1238 1421 octavo
1260 1390 1361 1421 medio
1377 1391 1536 1430 scriptura
1553 1392 1692 1423 insulari
1707 1397 1858 1426 exaratus

201 1436 240 1467 ab
266 1437 334 1476 ipsa
356 1438 520 1477 scriptoris
542 1441 643 1470 aetate
665 1439 754 1470 haud
777 1439 909 1471 multum
925 1441 1032 1472 distat.
1067 1441 1148 1472 Fuit
1172 1441 1245 1472 olim
1260 1441 1500 1480 IUurbaeensis,
1521 1443 1732 1476 BIurbaeense
1753 1449 1857 1478 (nectem

200 1489 424 1520 monaster-ium
444 1490 604 1521 conditum
620 1493 664 1521 est
680 1501 763 1522 anno
780 1492 843 1522 727
862 1502 882 1522 a
898 1491 1057 1523 Pio-minio
1081 1503 1118 1523 eoe
1134 1492 1290 1532 Auqiensi
1312 1495 1509 1532 monasterio,
1533 1495 1616 1534 quod
1639 1496 1739 1527 tribus
1762 1498 1858 1529 (cunis

199 1541 272 1570 ante
296 1540 489 1578 condiderat,
517 1541 610 1573 eiecto
636 1541 677 1583 cf.
696 1542 823 1580 Hauelc,
851 1543 1091 1583 Kircbenqescli.
1115 1543 1349 1575 Deutseldands
1369 1545 1407 1576 1²
1422 1547 1487 1576 337
1493 1556 1538 1585 sq.
1584 1546 1765 1579 Pirminius
1790 1559 1857 1581 cero

199 1591 278 1630 quin
293 1591 550 1632 Anylosaoeoniea
572 1593 669 1632 stirpe
691 1594 790 1631 fuerit
813 1595 978 1633 oriundus,
1002 1595 1060 1626 etsi
1082 1595 1232 1626 Hrabani
1255 1595 1369 1627 titulus
1390 1597 1575 1636 sepulcralis
1599 1598 1712 1638 (PlaO
1724 1600 1767 1631 II
1779 1601 1857 1639 221)

199 1652 263 1673 non
278 1643 432 1682 expressis
446 1644 545 1675 verbis
561 1645 725 1684 (Deseruit
740 1646 888 1687 patriam,
906 1650 1037 1687 gentem
1054 1647 1147 1678 simul
1164 1650 1261 1688 atque
1280 1648 1476 1689 propinquos
1492 1649 1540 1680 Ac
1559 1651 1727 1691 peregrina
1744 1656 1857 1692 petens

203 1693 337 1725 aethera
360 1696 545 1735 promeruit.
581 1695 718 1728 Gentem
744 1697 795 1728 hie
811 1697 1005 1729 Francorum
1024 1699 1194 1739 quaesivit)
1219 1698 1370 1737 declarat,
1394 1702 1499 1731 tamen
1521 1700 1664 1732 dubitari
1685 1703 1739 1733 vise
1753 1706 1857 1742 potest

203 1745 258 1784 (cf.
275 1745 392 1776 Hauck
415 1746 435 1777 l.
454 1746 472 1777 l.
486 1757 519 1785 p.
536 1749 609 1785 336,
627 1748 660 1785 1)
685 1739 865 1788 Scottosque
893 1750 992 1787 fuisse
1013 1750 1137 1788 primos
1159 1750 1313 1781 Illurbaci
1337 1751 1503 1782 mmzaelios
1532 1751 1577 1782 rel
1606 1753 1676 1783 inde
1704 1764 1857 1793 apparere

202 1797 333 1834 videtur,
361 1797 444 1836 quod
470 1799 694 1829 monasterium
723 1799 802 1831 illud
828 1801 966 1831 vivarius
994 1802 1237 1842 peregrinorum
1262 1804 1401 1832 vocatum
1425 1805 1469 1833 est
1492 1804 1532 1840 cf.
1549 1803 1792 1844 IIoldcr-Eyqer
1814 1806 1857 1837 ad

201 1848 250 1879 M.
271 1849 310 1879 G.
328 1848 385 1880 SS.
407 1848 474 1880 XV
489 1851 517 1887 1,
540 1850 591 1886 26,
608 1852 644 1887 4,·
670 1850 718 1881 nil
740 1851 838 1890 iqitur
860 1852 991 1889 mirum,
1019 1853 1102 1891 quod
1124 1855 1158 1883 ut
1180 1853 1305 1891 Auqiae
1328 1854 1382 1893 (cf.
1405 1853 1533 1891 Becker,
1561 1854 1660 1886 Catal.
1678 1859 1743 1886 ant.
1762 1867 1797 1895 p.
1816 1859 1856 1886 11

203 1909 234 1931 n.
252 1901 300 1940 (ἶ),
331 1900 378 1930 ita
401 1900 553 1931 M'urbaei
575 1901 733 1932 Aldhelmi
758 1903 907 1934 memoria
930 1903 1056 1943 vigebat.
1107 1904 1248 1935 Codicem
1277 1907 1383 1935 autem
1413 1916 1450 1936 ex
1477 1905 1567 1943 libro,
1602 1907 1658 1945 qui
1690 1907 1752 1946 ipsc
1780 1918 1854 1947 quo-

201 1961 260 1990 que
283 1951 536 1990 anqlosaoeonicis
558 1952 671 1983 litteris
694 1956 762 1984 erat
784 1955 930 1993 scriptus,
954 1965 1099 1986 manasse
1119 1955 1244 1986 librarii
1264 1956 1423 1987 erroribus
1447 1968 1465 1987 n
1492 1960 1520 1988 et
1543 1967 1566 1997 r,
1591 1968 1610 1998 p
1634 1960 1662 1988 et
1686 1957 1701 1988 f
1721 1959 1803 1990 inter
1824 1970 1856 1990 sc

200 2002 328 2041 saepius
348 2004 568 2035 commutantis
577 2004 742 2043 probatur,
766 2015 820 2036 nee
843 2008 1015 2045 temporum
1037 2007 1120 2038 ‘ratio
1136 2007 1292 2046 prohibet,
1315 2018 1353 2038 ne
1376 2007 1482 2047 vipsum
1508 2007 1552 2038 vel
1571 2008 1773 2049 archetypum
1789 2011 1857 2041 eius

200 2064 220 2085 a
241 2053 399 2085 Pirminio
422 2055 524 2085 eiusce
546 2054 706 2086 sodalibus
728 2056 773 2087 vel
794 2056 833 2088 ab
857 2057 1077 2096 Anqlosa.eone
1099 2058 1145 2089 vel
1166 2058 1271 2090 Scotto
1294 2058 1401 2098 aliquo
1422 2062 1497 2098 post
1524 2070 1574 2091 eos
1597 2071 1635 2091 ea:
1656 2061 1775 2100 Anqlia
1798 2062 1856 2093 ad-

202 2105 339 2136 veniente
366 2108 569 2146 apportatum
596 2117 659 2138 esse
684 2110 845 2146 putemus,
874 2109 929 2140 sed
951 2112 1082 2149 prepter
1104 2113 1222 2148 artam,
1250 2121 1346 2149 quam
1376 2110 1457 2141 inter
1486 2122 1554 2142 eum
1583 2114 1611 2142 et
1635 2112 1855 2152 Scmqaedlenses

203 2156 289 2195 infra
307 2157 495 2196 probabitur
517 2157 717 2196 intercedere,
745 2159 986 2192 similitudinem
1009 2161 1211 2192 verisimilius
1233 2162 1284 2200 sit,
1315 2172 1384 2192 eum
1417 2162 1449 2193 in
1477 2163 1649 2194 contin-enti
1676 2174 1714 2195 ea·
1742 2165 1853 2203 eodem,

200 2208 244 2239 ad
265 2218 355 2247 quem
381 2208 426 2239 illi
449 2209 605 2246 referendi
626 2213 709 2247 sunt,
732 2221 796 2242 esse
819 2211 1016 2251 descriptum.

301 2258 350 2290 De
365 2259 468 2290 codice
476 2261 713 2299 pretiosissimo,
725 2272 814 2301 quem
825 2273 846 2293 a
858 2263 1090 2303 Mauyerardio
1102 2274 1186 2295 anno
1197 2264 1279 2294 1795
1293 2264 1450 2295 Ernestus
1465 2265 1532 2296 dem:
1543 2266 1610 2296 eius
1626 2267 1763 2298 nominis
1775 2267 1855 2299 alter

203 2310 628 2350 Gotliano-Altenburqensis
647 2323 718 2344 eum
738 2313 812 2345 aliis
826 2315 1066 2354 pretiosissimis
1084 2316 1165 2353 emit,
1190 2316 1375 2354 conferenda
1396 2319 1480 2354 sunt,
1504 2327 1584 2356 quae
1600 2327 1620 2348 a
1636 2317 1678 2348 B.
1692 2318 1853 2350 Kruscleio

201 2362 235 2393 in
251 2362 292 2393 N.
306 2362 413 2393 AJX
427 2364 491 2393 271
514 2365 543 2394 et
565 2373 586 2393 a
609 2374 656 2395 me
681 2365 713 2395 in
728 2365 808 2396 Abla.
826 2366 881 2397 der
903 2366 1005 2407 Bayr.
1018 2367 1124 2398 Alma.
1138 2367 1166 2398 d.
1184 2367 1277 2399 1Viss.
1298 2366 1343 2398 Ol.
1357 2368 1422 2399 III
1441 2367 1497 2399 vol.
1515 2368 1632 2407 XXII,
1650 2369 1691 2401 II
1713 2370 1777 2400 353
1788 2380 1852 2410 sqq.

200 2416 229 2445 et
255 2424 276 2445 a
299 2414 332 2445 J.
351 2414 507 2446 Huemero
531 2415 565 2445 in
582 2415 786 2456 praefatione
810 2418 934 2449 Sedulii
952 2429 986 2458 p.
1009 2419 1078 2450 VII
1087 2430 1150 2459 sqq.
1174 2422 1249 2450 sunt
1276 2419 1428 2458 easposita.
1477 2419 1622 2452 Continet
1653 2420 1747 2451 coclea·
1774 2422 1811 2460 (i.
1828 2432 1852 2452 e.

199 2465 313 2496 codicis
339 2465 480 2497 Gotleani
502 2466 522 2498 1
546 2467 584 2497 75
611 2466 692 2504 folia
719 2469 872 2509 23—69)
899 2471 1118 2510 quaterniones
1144 2471 1284 2510 quinque
1306 2473 1334 2502 et
1365 2471 1536 2502 ternionem
1567 2482 1683 2509 mium;
1710 2472 1853 2511 primum

199 2516 310 2554 solium
330 2517 438 2556 primo
464 2517 530 2555 fuit
558 2528 703 2556 vacuum,
734 2519 878 2551 ultimum
907 2522 1060 2553 ternionis
1086 2521 1189 2553 ultimi
1217 2522 1320 2561 ipsum
1348 2532 1467 2561 quoque
1495 2522 1565 2553 olim
1602 2533 1734 2553 vacuum
1767 2534 1853 2554 nuuc

199 2567 291 2599 deest.
338 2568 490 2607 Siqnatae
509 2568 645 2609 fuerunt
667 2570 809 2610 sinqulae
831 2572 899 2603 eius
917 2576 1027 2611 partes
1043 2573 1157 2605 litteris
1176 2584 1273 2611 a—e;
1298 2574 1330 2604 in
1352 2574 1415 2612 fine
1431 2574 1544 2604 eisdem
1555 2576 1684 2613 praeter
1708 2573 1852 2606 ultimum

198 2629 277 2650 saec.
296 2619 372 2650 XV.
410 2620 565 2659 adscripti
586 2624 662 2652 sunt
684 2623 809 2654 numeri
831 2624 953 2655 arabici
967 2626 1061 2663 4—8,
1085 2635 1155 2656 cum
1181 2626 1213 2656 in
1229 2625 1348 2664 primis
1370 2625 1537 2656 earundem
1558 2626 1703 2664 partium
1721 2627 1853 2665 paqinis

201 2669 345 2710 leyantur
361 2672 486 2702 numeri
500 2672 604 2710 4—9;
622 2673 769 2713 paqinae,
792 2685 878 2706 nune
892 2677 944 2714 24,
961 2676 980 2706 ὅ
1004 2677 1198 2708 centimetros
1213 2676 1306 2714 edtae,
1333 2678 1373 2706 16
1389 2679 1466 2707 cent.
1484 2676 1576 2714 latae,
1600 2677 1672 2708 olim
1689 2677 1851 2717 aliquanto

199 2722 330 2759 suerunt
353 2723 498 2760 maiores,
533 2724 587 2754 sed
609 2735 677 2755 eum
701 2726 822 2765 ceteris,
851 2737 931 2766 quae
958 2738 1042 2759 nune
1065 2728 1170 2759 eadem
1194 2731 1315 2759 tectura
1337 2730 1412 2759 sunt
1436 2728 1593 2768 eolliqata,
1625 2732 1850 2768 aequarentur,

303 2784 446 2808 Ancronns
464 2785 654 2813 Axrmmssnn
673 2786 728 2811 XV.
1610 2789 1644 2814 42
