2183 3077
184 670 207 688 10

136 869 164 890 G.
173 871 210 890 ³8⁵

183 924 207 943 15

763 109 808 135 ET
824 109 871 135 AD
886 109 1113 136 ALDHELMVM
1134 110 1340 137 EPISTVLAE.
1814 116 1870 145 501

226 197 352 227 diversa
376 200 533 227 terrarum
550 196 655 236 spatia
671 195 760 226 velut
781 195 944 226 tonitruali
969 196 1096 236 fragore
1122 197 1216 238 longe
1241 197 1370 237 lateque
1392 197 1637 237 percrebruit&
1675 197 1716 228 Et
1740 198 1878 229 ideircob

226 258 281 279 vos
305 247 476 278 viscerales
499 246 695 277 contribulos
718 247 811 277 flexis
835 256 975 287 genuum
1000 247 1196 288 poplitibus³
1220 248 1357 279 subnixa
1381 258 1521 289 exposco
1550 259 1645 290 prece
1675 260 1877 290 nequaquam

225 299 319 330 huius
342 297 592 339 perturbationis
616 298 716 328 strofa
739 297 959 337 scandalizari,
982 309 1022 329 ne
1046 299 1214 339 quisquam
1236 303 1375 330 vestrum
1400 301 1510 331 inertis
1534 301 1680 341 segnitiei
1710 301 1788 332 tidec
1814 306 1878 331 tor-

225 352 345 392 pescat,
370 350 495 381 etiamsi
519 359 625 380 rerum
649 349 824 380 necessitas
849 349 959 389 exigat
976 359 1047 379 cum
1072 350 1221 390 praesule
1246 351 1374 391 proprio
1399 350 1601 390 pontificatus
1618 353 1709 392 apice
1732 353 1877 392 privato*

225 400 340 433 tellure
370 404 504 441 paterna
532 399 669 441 propelli
697 403 729 430 et
760 399 925 440 quaelibet
955 404 1103 440 oporteat
1132 400 1268 431 latorum
1300 411 1470 442 regnorum
1502 403 1713 433 transmarina
1744 403 1877 444 aggredi

225 463 307 484 rura.
345 451 423 488 Quis
447 452 542 490 enim⁷
567 461 698 492 quaeso,
722 454 787 481 tam
813 451 909 481 durus
926 454 1060 481 atroxve
1085 451 1176 482 labor
1192 452 1333 482 existens
1351 452 1391 482 ab
1416 452 1470 482 illo
1489 463 1543 482 vos
1567 453 1706 484 antistite
1729 464 1880 494 separans

225 506 343 543 arceat,
369 503 423 544 qui
447 513 503 533 vos
526 502 567 533 ab
591 502 660 543 ipso
686 502 831 533 tirocinio
856 501 1108 532 rudimentorum
1134 505 1166 533 et
1189 512 1208 532 a
1232 503 1395 542 primaeva
1424 506 1553 534 tenerae
1583 505 1697 534 aetatis
1725 504 1879 535 infantia⁵

225 564 326 595 usque
350 554 480 585 adultae
498 553 676 594 pubertatis
696 545 808 584 florem
827 552 1005 592 nutriendo,
1030 552 1187 592 docendo.
1211 553 1398 594 castigando
1420 554 1574 594 paternad
1596 555 1741 595 provexit
1758 556 1878 596 pietate

225 609 258 637 et
281 605 372 646 quasi
395 605 500 636 nutrix
523 605 636 646 gerula
660 604 795 636 dilectos
819 604 985 635 alumnose
1009 605 1151 635 extensis
1174 605 1321 635 ulnarum
1351 604 1471 635 sinibus
1499 606 1704 636 rcfocilanssG
1727 607 1770 637 sie
1799 608 1880 637 cari-

226 657 320 687 tatisss
342 657 466 698 gremio
492 656 576 687 fotos
600 656 778 687 clementer
801 656 970 697 amplexus
994 659 1062 686 est?
1100 655 1309 696 Perpendite,
1335 666 1465 697 quaeso,
1493 662 1710 688 creaturarum
1735 658 1879 689 ordinem

226 709 320 749 eique
345 707 494 739 divinitus
517 708 644 738 insitam
668 711 827 748 naturam,
851 707 1028 749 quatenus¹¹
1053 717 1095 738 ex
1117 707 1320 738 minimarum
1344 718 1450 738 rerum
1475 707 1647 739 collatione
1671 709 1879 740 inflexibilem

225 759 487 791 conversationis¹
515 759 650 790 formam
683 758 810 790 Christo
840 758 989 789 faventek
1021 758 1168 799 capiatis!
1206 758 1375 794 Quomodo
1405 760 1555 790 examina
1578 770 1674 800 apum
1700 761 1880 792 calescente

226 810 359 842 caelitus
382 814 529 842 caumate
553 821 593 841 ex
617 811 766 842 alveariis
789 813 919 841 nectare
940 809 1161 851 flagrantibus¹
1179 810 1325 841 certatim
1348 814 1542 851 emergunt¹¹¹
1560 815 1592 841 et
1616 821 1725 842 earum
1750 816 1880 843 auctore

224 861 387 903 linquente
412 861 570 893 brumalia
593 862 793 893 mansionum
811 860 818 903 Ι
835 861 1040 902 receptacula
1065 861 1235 892 densarum
1257 864 1457 892 catervarum
1477 861 1625 893 cohortes
1642 863 1754 903 rapido
1772 864 1881 894 volatu

226 913 267 945 ad
290 913 423 944 aethera
446 914 679 955 glomerantffl,
711 913 858 954 exceptis
890 913 1077 944 dumtaxat⁰
1101 913 1304 954 antiquarum
1333 912 1458 943 sedium
1489 913 1715 944 servatricibus
1742 914 1782 944 ad
1807 925 1880 955 pro-

226 965 432 1006 pagationem
456 964 575 995 sobolis
600 965 725 996 suturae
743 965 918 996 relictisvss!
955 964 1070 1004 Ecceq‚
1096 965 1237 1006 inquam,
1260 963 1437 995 mirabilius
1453 964 1549 1004 dictu,
1574 975 1630 995 rex
1648 976 1756 996 earum
1774 966 1883 1007 spissis

225 1016 384 1048 sodalium
414 1016 595 1058 agminibus
619 1016 779 1047 vallatus⁹
803 1027 874 1047 cum
903 1016 1038 1046 hiberna
1067 1019 1173 1047 eastra
1201 1016 1361 1057 gregatim
1391 1015 1556 1056 egreditur
1584 1020 1615 1046 et
1639 1026 1716 1047 cava
1741 1018 1882 1057 stipitum

327 1120 351 1152 ἃ)
379 1121 525 1153 percrepuit
549 1120 620 1145 Giles
724 1118 749 1150 b)
772 1120 865 1145 iccirco
890 1119 918 1143 W
1024 1119 1046 1151 ⁰)
1076 1119 1164 1144 inertis
1191 1119 1309 1152 segnitiei
1337 1119 1386 1143 fide
1412 1119 1447 1149 W,
1479 1119 1571 1143 mentis
1598 1120 1706 1151 segnitie
1737 1120 1785 1145 title
1813 1121 1883 1145 Gilee

228 1161 254 1195 d)
282 1167 389 1196 paterna
409 1172 456 1188 om.
472 1163 542 1188 Giles
647 1162 669 1193 θ)
697 1163 814 1187 alumnos
837 1171 886 1188 om.
902 1162 971 1187 Giles
1070 1160 1092 1193 f)
1112 1161 1258 1187 refocillans
1276 1162 1308 1185 W
1407 1160 1432 1194 8)
1459 1162 1576 1186 karitatis
1601 1162 1636 1193 W,
1662 1163 1794 1187 charitatis
1815 1164 1884 1188 Giles

229 1205 255 1238 Ιἱ)
274 1207 397 1239 quatinus
416 1207 449 1230 W
526 1205 544 1237 i)
563 1207 703 1232 flexibilem
722 1207 950 1231 commiserationis
971 1206 1041 1231 Giles
1111 1204 1136 1236 k)
1160 1206 1267 1230 iuuante
1288 1205 1358 1230 Gilee
1426 1204 1445 1236 1)
1468 1205 1635 1237 flagrantibus
1654 1205 1690 1236 W,
1708 1206 1884 1238 fragrantibus

230 1250 299 1275 Giles
317 1251 350 1282 cs.
367 1248 432 1276 CGI.
456 1249 546 1279 V295,
562 1252 592 1275 18
614 1251 754 1282 flagrantes
776 1249 873 1274 olentes
897 1249 939 1274 uel
958 1249 1076 1274 ardentes
1098 1248 1140 1273 uel
1159 1248 1288 1280 fulgentes
1376 1249 1407 1278 ¹¹¹)
1425 1246 1580 1280 *emergant
1598 1248 1709 1273 WGiles
1787 1249 1812 1279 ¹¹)
1831 1249 1885 1281 glo-

229 1297 341 1318 merante
361 1293 432 1318 Giles
519 1292 544 1324 0)
563 1293 691 1317 duntaxat
710 1292 781 1317 Gites
868 1292 894 1323 P)
913 1292 1020 1317 relictus
1039 1292 1109 1316 Giles
1196 1290 1221 1321 q)
1240 1299 1298 1316 eece
1317 1299 1364 1315 om.
1380 1291 1451 1316 Giles

228 1385 364 1418 Aldfridi,
389 1386 675 1412 Nonmzhumbrormn
702 1385 784 1418 reyis,
806 1384 926 1411 consiliis
945 1384 991 1416 (cf.
1019 1384 1100 1411 obser
1118 1384 1134 1410 l.
1149 1384 1164 1410 I.
1178 1393 1207 1417 11-
1224 1385 1277 1418 77),
1302 1384 1379 1409 cuius
1401 1384 1589 1409 amicissimum
1612 1384 1695 1416 fuisse
1714 1383 1879 1409 Aldhelmum

228 1437 344 1470 epistula
362 1437 399 1463 ad
417 1437 557 1464 Acin-cium
575 1437 655 1463 docet.
692 1436 743 1463 Sed
760 1436 821 1462 bene
839 1436 931 1462 omnia
950 1436 1116 1462 concordant
1134 1436 1170 1461 acl
1187 1443 1218 1461 ea
1237 1438 1361 1469 tempora,
1380 1443 1448 1468 quae
1466 1438 1570 1461 mortem
1588 1435 1712 1467 Alds'ridi
1729 1435 1758 1468 (†
1770 1440 1806 1462 14.
1820 1436 1879 1462 Dec.

231 1490 294 1521 705)
318 1492 382 1514 sunt
404 1492 509 1515 secata:
537 1491 592 1514 tum
614 1489 703 1515 subito
726 1488 759 1514 ab
778 1487 937 1520 Euda-ulfo,
963 1488 1009 1521 qui
1033 1496 1114 1522 reyno
1134 1487 1237 1521 potitus
1259 1489 1316 1513 erat
1336 1502 1367 1505 —
1386 1486 1450 1513 haec
1474 1490 1510 1513 est
1535 1487 1685 1513 furibunda
1704 1487 1882 1521 tempestatis

229 1540 418 1574 perturbatio,
443 1548 513 1573 qnae
537 1540 617 1566 initio
639 1539 768 1573 epistulae
786 1542 1004 1566 commemoratur
1022 1554 1055 1558 —
1074 1539 1223 1571 Wilfhidus
1241 1547 1301 1564 cum
1319 1538 1458 1565 comitibus
1476 1547 1489 1565 e
1508 1539 1605 1572 patria
1628 1539 1716 1564 cedere
1741 1539 1830 1564 iussus
1847 1542 1883 1565 est

230 1590 325 1625 (Obser
343 1592 427 1624 l.1.p.
441 1593 500 1625 86),·
517 1591 560 1618 sed
577 1594 682 1618 mortuo
702 1591 854 1618 Februario
874 1599 958 1617 mense
975 1600 1000 1617 α.
1014 1594 1061 1617 706
1079 1594 1198 1625 tyranno
1216 1590 1363 1624 Imm-idus
1380 1592 1417 1615 est
1435 1593 1560 1616 serratus.
1597 1590 1658 1616 Hoc
1675 1593 1762 1616 autem
1781 1593 1884 1623 tempus

230 1643 267 1669 rel
284 1643 344 1669 ideo
363 1643 451 1678 mayis
475 1643 577 1669 videtur
593 1643 729 1675 idoneum,
749 1642 820 1676 quod
837 1645 892 1668 tum
908 1643 1048 1676 episcopus
1065 1643 1120 1675 fait
1132 1642 1292 1674 Aldhelmus,
1312 1642 1352 1667 ita
1369 1644 1399 1667 ‘at
1418 1642 1542 1667 maiorem
1560 1642 1699 1675 quandam
1719 1643 1885 1674 interponere

228 1697 313 1727 posset
334 1695 531 1727 auctoritatem,
558 1703 626 1728 quae
648 1694 736 1720 abbaci
759 1694 885 1725 defuisset
990 1694 1016 1726 2)
1040 1695 1129 1727 Epist.
1149 1693 1186 1719 ad
1210 1693 1321 1719 Gcrzmt.
1337 1701 1365 1726 p.
1378 1696 1436 1725 482,
1450 1696 1484 1719 20
1506 1702 1598 1719 rumor
1621 1713 1646 1719 ..
1671 1693 1752 1727 longe
1772 1693 1883 1726 lateque

233 1745 413 1779 percrebruit,
439 1753 520 1779 prosa
545 1746 576 1772 de
600 1746 664 1780 virg.
677 1754 698 1772 c.
711 1749 780 1779 321).
793 1749 835 1778 39,
850 1751 862 1771 1
887 1745 980 1780 gloria
999 1767 1003 1772 .
1019 1766 1025 1772 .
1046 1745 1129 1780 longe
1148 1745 1261 1778 lateque
1281 1744 1454 1779 precrebruit
1564 1745 1592 1777 3)
1612 1745 1698 1778 Epist.
1717 1744 1753 1770 ad
1772 1744 1883 1770 Geram.

230 1805 258 1830 1).
268 1800 324 1829 485,
341 1801 355 1824 7
371 1797 497 1824 subnixis
509 1797 639 1832 precibus
658 1800 687 1824 et
705 1797 781 1824 flexis
800 1797 957 1832 poplitibus
978 1799 1099 1824 vestram
1113 1796 1320 1823 fraternitatem
1335 1796 1495 1823 adiurantes
1508 1795 1675 1830 suppliciter
1687 1796 1884 1830 efflagitamus,

230 1848 277 1874 ubi
295 1849 351 1875 ride
367 1849 458 1882 plura.
478 1864 509 1868 -
532 1849 679 1876 viscerales
697 1849 868 1876 contribulos
881 1849 982 1875 dixisse
1002 1849 1107 1875 ridetur
1119 1848 1199 1875 Aldle.
1212 1849 1249 1874 ad
1261 1848 1408 1881 exemplum
1428 1848 1512 1873 Italae
1525 1847 1543 1873 Ι
1558 1848 1668 1873 Timoth.
1683 1853 1702 1879 1,
1716 1852 1731 1873 :2
1745 1847 1885 1873 visceralis

231 1899 316 1931 filius;
336 1900 494 1927 contribula
512 1916 544 1920 -
563 1900 735 1935 germanitas
754 1901 850 1934 legitur
868 1901 899 1926 in
917 1901 991 1934 epist.
1007 1901 1043 1926 ad
1056 1900 1205 1932 Ehsridam
1221 1909 1249 1933 p.
1258 1903 1316 1932 490,
1330 1904 1358 1925 12
1372 1899 1406 1931 cf.
1422 1899 1572 1926 contribuli
1591 1898 1789 1933 consanguinei
1803 1898 1883 1931 quasi

231 1960 265 1979 ex
283 1952 379 1979 eadem
392 1952 467 1979 tribu
482 1952 549 1980 CGI.
564 1953 613 1978 IV
620 1956 661 1986 36,
676 1957 696 1980 7.
715 1957 773 1986 499,
790 1957 804 1979 7
821 1952 1000 1985 (contribulis
1018 1953 1116 1986 quitm·
1135 1960 1217 1985 prosa
1235 1951 1265 1977 (Ie
1280 1952 1344 1985 viry.
1357 1960 1379 1977 c.
1395 1950 1488 1976 XXX
1496 1950 1552 1983 Vp.
1568 1954 1623 1981 278,
1638 1955 1672 1982 11,
1694 1949 1780 1983 Ll'p.
1794 1953 1849 1981 314,
1863 1954 1886 1982 3,

230 2003 304 2036 epist.
323 2003 359 2029 ad
376 2004 468 2030 Acirc.
482 2012 509 2037 1).
524 2008 582 2036 203,
595 2006 629 2035 5).
673 2004 756 2030 Notat
779 2004 827 2030 hoc
850 2004 1017 2036 Aldlzclmus,
1044 2004 1173 2037 quoniam
1199 2003 1238 2028 illi
1262 2005 1290 2028 at
1314 2003 1369 2035 ipse
1392 2002 1556 2027 monasticae
1579 2001 1746 2027 oboediebant
1773 2001 1887 2034 reyulae,

231 2062 279 2081 nec
300 2055 362 2081 hinc
380 2055 591 2082 concludendum
609 2064 663 2082 esse
679 2059 756 2089 puto,
775 2056 909 2082 Aldlzelmi
929 2055 1097 2088 monasteria,
1122 2055 1243 2087 quamvis
1266 2054 1412 2087 suspexerit
1432 2053 1485 2085 ipse
1504 2052 1676 2079 Benedictum
1694 2052 1739 2084 (cf.
1755 2060 1838 2086 prosa
1856 2051 1887 2078 de

233 2107 299 2140 viry.
314 2115 335 2133 c.
348 2107 442 2133 XXX
453 2116 481 2141 p.
492 2111 540 2134 268
558 2110 581 2133 ct
599 2115 706 2133 carmen
720 2116 740 2133 r.
754 2110 802 2134 ⁸73
811 2108 886 2140 sqq),
906 2107 1045 2133 Benedicti
1063 2107 1180 2140 regyulam
1199 2114 1250 2132 esse
1268 2107 1365 2138 secata,
1385 2113 1466 2138 quam
1482 2104 1627 2136 H'ilfridas
1645 2104 1691 2137 (cs.
1702 2103 1787 2129 Eddii
1799 2103 1887 2137 Steph.

232 2158 313 2184 vitam
328 2158 451 2192 Wilfridi
469 2166 490 2185 c.
504 2160 545 2192 14)
565 2159 595 2184 in
608 2158 867 2185 Rbrtanhumbriam
885 2158 1040 2184 introduaeit
1128 2158 1155 2191 4)
1171 2165 1254 2190 prosa
1268 2157 1299 2183 de
1311 2157 1377 2190 tir-q.
1390 2164 1410 2182 c.
1424 2155 1468 2182 LI
1473 2155 1497 2181 V
1503 2164 1530 2189 1).
1542 2158 1596 2187 313,
1612 2160 1624 2181 1
1640 2155 1784 2189 praeclaro
1799 2155 1887 2189 ponti-

233 2208 330 2236 ficatus
349 2210 430 2244 apice
449 2209 594 2244 praeditus
707 2211 733 2242 5)
753 2211 827 2243 epist.
846 2210 882 2235 ad
900 2210 988 2236 Acirc.
1004 2218 1032 2242 p.
1046 2213 1086 2242 62,
1101 2213 1131 2235 16
1149 2209 1266 2235 necdum
1286 2210 1395 2235 matura
1413 2207 1631 2234 rudimentorum
1650 2206 1790 2236 tirocinia;
1806 2215 1888 2239 prosa

232 2260 264 2286 de
283 2261 342 2294 νίν-9.
356 2269 377 2287 c.
394 2262 472 2288 XIV
482 2270 512 2295 p.
525 2265 584 2294 243,
599 2266 627 2288 11
645 2262 681 2289 ab
700 2261 760 2296 ipso
780 2261 921 2289 nascentis
941 2261 1077 2288 infantiae
1096 2261 1262 2292 rudimento,
1285 2268 1305 2286 c.
1321 2259 1445 2286 XXVII
1458 2268 1486 2292 p.
1502 2262 1557 2290 262,
1572 2262 1602 2284 12
1620 2267 1637 2284 a
1655 2258 1731 2284 rudis
1750 2257 1887 2284 infantiae

233 2312 418 2339 teneritudine
438 2321 460 2339 c.
476 2313 619 2339 XXXVI
630 2321 659 2346 p.
671 2317 729 2346 280,
742 2318 774 2340 10
792 2314 821 2340 in
840 2313 984 2348 primaevo
1002 2313 1140 2347 pueritiae
1157 2312 1322 2343 rudimento,
1342 2319 1363 2337 c.
1380 2310 1474 2337 XXX
1487 2319 1516 2344 p.
1527 2313 1585 2342 268,
1598 2314 1612 2336 7
1623 2309 1658 2336 ab
1672 2309 1740 2343 ipsis
1753 2309 1887 2335 infantiae

233 2363 388 2390 cunabulis.
434 2364 535 2390 Charta
557 2364 693 2390 Leutherii
715 2365 806 2399 (Will.
822 2365 916 2391 Malm.
933 2373 958 2398 ῃ.
976 2373 1002 2398 p.
1020 2373 1048 2397 p.
1061 2367 1111 2391 334
1124 2364 1161 2390 H.
1180 2366 1203 2389 et
1222 2363 1263 2389 De
1285 2365 1347 2397 yest.
1366 2371 1416 2396 req.
1430 2362 1511 2395 AngJI.
1533 2362 1603 2394 130)
1627 2370 1643 2387 a.
1665 2361 1823 2395 primoaevo
1848 2361 1886 2386 in-

234 2414 339 2441 fantiae
357 2416 443 2449 atque
461 2416 498 2442 ab
517 2415 578 2450 ipso
597 2416 730 2443 tirocinio
748 2416 982 2446 rudimentorum;
1001 2416 1124 2442 Leuther.
1137 2415 1214 2448 apud
1231 2415 1303 2440 Will.
1320 2414 1412 2440 Malm.
1425 2413 1455 2439 de
1469 2422 1494 2447 9.
1505 2421 1532 2446 p.
1543 2421 1570 2445 p.
1581 2416 1631 2439 347
1643 2412 1680 2438 II.
1694 2421 1709 2438 a
1729 2412 1888 2445 primoaevo

235 2464 370 2493 infantiae
389 2469 475 2501 atque
494 2467 530 2494 ab
550 2467 610 2501 ipso
630 2467 760 2494 tirocinio
773 2467 993 2494 rudimentorum
1073 2467 1099 2499 6)
1119 2469 1155 2500 cf.
1168 2466 1204 2492 ad
1216 2466 1288 2499 epist.
1303 2465 1338 2491 acl
1355 2465 1467 2491 Geram.
1478 2468 1565 2497 pat-55
1578 2463 1642 2489 adn.
1652 2466 1683 2489 34
1763 2463 1789 2493 ῖ)
1805 2470 1888 2495 prosa

235 2516 268 2542 dc
286 2517 350 2550 vira.
363 2525 384 2544 c.
401 2518 485 2544 XIII
496 2527 524 2551 p.
539 2522 598 2550 241,
612 2522 646 2545 20
667 2522 736 2552 quot
758 2519 956 2546 sceleratorum
974 2518 1112 2545 satellites
1133 2538 1158 2544 ..
1178 2516 1375 2551 manipulatim
1396 2515 1612 2549 conglomerant,
1637 2516 1672 2547 cf.
1685 2521 1764 2539 carm.
1780 2512 1888 2546 rhythm.

235 2567 255 2593 I
264 2568 323 2601 (II)
337 2573 376 2595 54.
414 2569 543 2603 Exemplo
561 2571 654 2602 apium
673 2571 781 2596 libenter
798 2571 888 2596 utitur
901 2570 1054 2596 Aldhelmus
1072 2570 1108 2602 es.
1118 2577 1201 2602 prosa
1220 2568 1252 2594 de
1272 2569 1337 2601 νίν-9.
1351 2576 1372 2593 c.
1387 2567 1403 2592 1
1410 2566 1437 2592 V.
1456 2567 1496 2591 ῘἸ
1510 2581 1541 2584 -
1560 2566 1607 2598 qui
1625 2565 1699 2590 locus
1717 2565 1828 2590 marime-
1845 2564 1888 2590 hic

235 2620 412 2652 conserendus
430 2623 467 2647 est
485 2636 517 2640 —
535 2622 609 2654 epist.
628 2621 664 2647 ad
682 2621 794 2653 Elnfrid.
805 2630 833 2654 p.
845 2626 902 2653 490,
918 2624 947 2647 13
1034 2622 1061 2653 8)
1080 2621 1155 2654 epist.
1169 2620 1394 2651 ‹111Acirc.1›.63,
1411 2622 1441 2643 10
1459 2617 1583 2650 exceptis
1601 2616 1636 2642 nd
1656 2615 1887 2650 propagationem

234 2669 338 2697 sobolis
355 2672 466 2699 suturae
485 2672 592 2699 relictis
689 2673 715 2705 9)
734 2674 807 2706 epist.
827 2672 864 2697 ad
881 2672 994 2704 Ehs‘v-id.
1012 2680 1038 2705 p.
1053 2675 1113 2703 493,
1127 2676 1141 2697 5
1160 2679 1228 2704 aper
1248 2691 1252 2696 .
1268 2691 1273 2696 .
1292 2670 1457 2696 molosorum
1477 2669 1586 2694 catasta
1608 2667 1736 2697 vallatus,
1760 2675 1839 2700 prosa
1859 2666 1889 2691 dc

236 2721 302 2755 viry.
316 2729 337 2748 c.
353 2722 403 2748 XI
413 2731 442 2756 p.
455 2726 510 2755 239,
524 2727 555 2750 10
574 2724 759 2757 parasitorum
779 2723 921 2750 sodalibus
941 2723 1062 2749 vallatus
