2183 3077
758 130 802 156 ET
818 130 866 156 AD
880 130 1108 156 ALDHELMVM
1130 130 1336 156 EPlsTVLAE.
1808 136 1869 163 439

218 235 338 267 paucos
354 225 534 256 transmitte
551 224 806 256 sermunculos¹²
824 224 908 255 illius
924 225 1159 265 pulcherrimae
1175 224 1280 255 labiae
1301 228 1385 263 tuae,
1411 224 1451 255 dc
1477 226 1564 255 cuius
1590 226 1676 256 fonto
1701 227 1869 266 purissimo

218 276 329 307 dulces
352 275 496 307 dirivati⁸
521 276 578 306 rivi
603 276 775 306 multorum
793 275 914 315 possint
935 275 1065 305 reticere
1089 279 1223 315 mentes,
1248 276 1289 306 ad
1316 277 1432 312 locum,
1459 277 1511 307 ubi
1537 277 1672 307 domnus
1695 278 1870 308 Fum<÷us¹²

219 328 250 358 in
274 330 384 358 sancto
409 331 441 358 ct
464 327 588 368 integro
612 330 727 368 pausat
751 336 885 367 corpore
911 349 916 355 .
937 350 942 356 .
961 349 992 356 ..

992 456 1008 484 7
1026 454 1104 494 (ιο).

331 522 507 562 Respondet
530 521 714 553 Aldhelmus
741 521 866 553 Cellano
889 521 996 552 abbati
1022 521 1219 552 I’erroncnsi.

328 582 366 607 W
365 582 438 608 illelm
444 589 474 607 us
487 581 684 614 Malmsb.y.1›.
699 581 830 614 V§188p.
841 584 894 608 333
904 581 961 613 cf.§
973 584 1020 606 192
1028 589 1054 613 p.
1067 584 1116 607 337
1126 581 1204 607 Ham.
1233 582 1256 607 G
1261 582 1306 607 iles
1317 590 1375 614 opp.
1386 582 1464 608 Aldla.
1474 591 1500 615 p.
1509 586 1562 609 3:51,
1584 583 1613 608 L.
1630 583 1737 615 Traube,
1751 584 1872 610 Pon—0111«

220 624 300 651 Scott.
310 631 338 657 p.
354 628 414 650 419.

605 692 825 735 [CELLANO
851 717 856 723 .
876 717 882 723 .
906 692 1180 724 ALDHELMVS
1205 717 1210 723 .
1230 717 1236 723 .
1261 692 1489 735 SALVTEMJ.

190 777 202 795 ς,
329 785 336 792 .
355 785 362 792 .
381 786 386 792 .
411 761 519 801 Miror,
544 761 628 803 quod
645 771 696 792 me
715 761 873 792 tantillum
889 760 1138 792 homunculum²
1156 760 1195 791 (le
1220 761 1343 791 famoso
1365 764 1397 791 et
1420 762 1570 803 florigero
1588 762 1782 794 Francorum
1801 775 1873 795 rure
1888 778 1938 795 ame
1954 778 1990 796 τω

222 815 349 843 vestrae
374 812 529 843 frunitae²
553 812 763 843 fraternitatis
786 812 941 843 industria
964 812 1150 854 interpellat
1174 811 1354 843 Saxonicae
1378 812 1476 853 prolis
1500 813 1650 854 prosapia
1674 814 1814 854 genitum
1842 821 1873 846 ct

222 863 280 894 sub
304 868 413 894 arctoo
437 870 499 895 axe
522 864 641 895 teneris
663 863 827 895 confotum
852 862 1038 894 cunabulis³
1063 888 1069 894 .
1089 888 1094 894 .
1113 889 1120 896 .

996 1001 1107 1039 801).

327 1068 437 1100 Monet
449 1068 886 1100 AldhelmusAethilwalclum
903 1069 1133 1106 adolescentem,
1149 1071 1186 1099 ut
1201 1068 1396 1107 voluptatum
1415 1069 1592 1108 cupidinem
1609 1073 1744 1101 coerceat
1760 1073 1787 1101 et
1803 1081 1874 1102 sae-

220 1119 342 1151 cidares
365 1120 486 1151 litteras
507 1121 551 1151 ad
571 1130 665 1151 saera
687 1123 812 1151 tantum
834 1120 942 1151 studia
962 1120 1172 1159 promovenda
1195 1120 1352 1151 adhibeat.

331 1179 401 1206 Will.
418 1180 552 1205 Malmesb.
564 1188 587 1213 9.
602 1188 626 1212 p.
646 1180 693 1212 V§
707 1183 753 1206 123
767 1188 796 1213 p.
808 1182 859 1206 339
873 1180 953 1206 Ham.
995 1179 1066 1205 Giles
1084 1187 1142 1213 opp.
1158 1179 1236 1205 Amlz.
1252 1188 1281 1212 p.
1294 1182 1342 1205 332
1350 1188 1388 1211 sq.

331 1274 642 1306 DILECTISSIMO
661 1275 764 1307 MIHI
780 1275 900 1307 FILIO
918 1275 974 1306 ET
991 1275 1126 1306 SIMVL
1141 1274 1379 1306 DISCIPVLO
1397 1274 1753 1306 AETHILWALDOn
1770 1276 1875 1307 ALD-

221 1325 402 1358 HELMVS
425 1326 665 1358 EXTREMVS
690 1326 933 1358 SERVORVM
956 1327 1052 1358 ΒΕΙι
1077 1326 1294 1357 SALVTEM.

180 1391 205 1409 1⁰

134 1418 209 1439 G'm
330 1395 610 1431 Quemadmodum
634 1399 666 1426 te
683 1397 755 1427 viva
771 1396 872 1427 voce2
888 1396 1081 1437 aliquotiens
1106 1396 1145 1427 (le
1163 1396 1321 1437 aliquibus
1340 1406 1526 1426 ammonere
1548 1396 1666 1435 curavi,
1691 1396 1736 1427 ita
1760 1397 1872 1427 etiam·
1888 1412 1906 1425 c.
1918 1408 1955 1426 πω

219 1456 301 1477 nunc
325 1447 492 1478 absentem
516 1451 651 1488 paterna
673 1447 847 1478 secundum
864 1447 970 1478 Deum
995 1448 1186 1478 auctoritate
1211 1446 1330 1477 fretusb
1347 1447 1463 1477 litteris
1486 1447 1649 1478 exhortari
1671 1458 1732 1478 non
1754 1448 1874 1489 piget³.

219 1497 291 1529 Hoc
316 1499 400 1529 enim
424 1499 497 1529 ideo
520 1499 655 1539 agimus,
680 1499 755 1540 quia
778 1499 901 1530 karitas
926 1499 1055 1535 Christi,
1080 1500 1161 1530 sicut
1185 1499 1230 1529 ait
1253 1499 1428 1539 apostolus,
1453 1501 1541 1536 urant
1565 1508 1629 1529 nos,
1677 1499 1801 1540 Itaque,
1827 1499 1870 1530 fili
1886 1507 2076 1533 {leonianam

220 1551 265 1580 mi
283 1551 457 1590 carissime,
480 1550 555 1581 licet
571 1550 759 1581 adolescens
779 1554 886 1582 aetate
908 1551 1038 1591 existas,
1062 1550 1242 1581 vanissimis
1262 1553 1370 1581 tamen
1396 1550 1640 1581 oblectamentis
1658 1551 1750 1581 huius
1766 1551 1875 1581 mundi

220 1611 423 1642 nequaquam
448 1605 479 1632 te
501 1602 634 1632 nimium
658 1601 812 1632 subiciasc
828 1603 894 1632 sive
918 1602 949 1632 in
973 1602 1142 1633 cotidianis
1166 1601 1386 1642 potationibus
1411 1606 1443 1632 et
1467 1602 1619 1632 conviviis
1643 1612 1701 1632 usu
1724 1602 1874 1643 frequen-

325 1700 338 1713 Β
367 1697 470 1721 diriuati
489 1696 524 1720 sic
549 1697 580 1720 W

329 1696 354 1771 [ὲ
367 1737 431 1770 (11)]
461 1739 483 1770 ²)
502 1739 645 1763 Adilwaldo
665 1739 697 1762 W
780 1738 803 1769 b)
822 1739 858 1763 sic
878 1739 909 1762 IV
992 1739 1016 1770 c)
1042 1739 1151 1763 subitias
1170 1739 1200 1763 W
1216 1738 1355 1763 secundum
1381 1739 1436 1764 cod.
1451 1738 1570 1770 Jlaydul.
1588 1738 1680 1769 strom,
1707 1747 1772 1770 quac
1791 1740 1875 1764 ortho-

220 1782 335 1814 yraphia
354 1782 381 1806 in
399 1782 446 1806 hoc
464 1782 548 1807 codice
571 1782 666 1807 similes
688 1790 774 1807 omnes
799 1783 901 1813 formas
920 1782 1012 1806 obtinet

326 1867 369 1898 12)
395 1866 540 1893 Sermones
563 1866 701 1898 scripsisse
721 1866 887 1892 Aldlzelmam
913 1866 985 1891 testis
1006 1869 1043 1891 est
1064 1866 1217 1892 ll'illielmns
1238 1866 1482 1891 malmesburiensis
1502 1868 1583 1899 (yestn
1603 1865 1763 1898 pontificma
1783 1869 1875 1898 1¹-344

227 1918 337 1950 Ham.):
355 1917 498 1944 Sermones
517 1917 576 1944 eius
588 1917 678 1943 minus
698 1917 847 1944 infundunt
860 1917 1026 1949 hilaritatis,
1045 1926 1128 1951 quam
1143 1918 1247 1944 vellent
1260 1918 1298 1950 hi,
1320 1918 1367 1951 qui
1384 1926 1473 1944 rerum
1488 1917 1619 1944 incuriosi
1638 1917 1721 1943 verba
1735 1917 1876 1944 trutinant

223 1968 329 1995 indices
348 1968 498 2002 inportuni,
517 1969 565 2002 qui
585 1969 719 2001 nesciant,
738 1969 812 2002 quod
831 1969 982 1995 secundum
1001 1977 1089 1995 mores
1110 1969 1236 2002 gentium
1252 1969 1398 1996 varientur
1419 1969 1490 1995 modi
1514 1969 1704 1995 dictaminum.
1789 1970 1874 1998 Quem

222 2019 246 2046 si
266 2020 388 2054 perfecte
408 2020 515 2054 legeris,
535 2022 564 2047 et
583 2029 614 2046 ex
634 2020 762 2046 acumine
776 2021 912 2047 Graecum
931 2020 1044 2054 putabis
1064 2023 1092 2047 et
1111 2029 1143 2046 ex
1157 2020 1246 2047 nitore
1260 2020 1416 2047 Romanum
1432 2020 1537 2046 iurabis
1551 2023 1579 2047 ct
1592 2029 1624 2047 cx
1639 2029 1741 2054 pompa.
1755 2020 1875 2053 Anglum

222 2070 365 2105 intelliges
471 2071 513 2099 13)
531 2072 566 2103 cf.
580 2079 663 2104 supra
682 2071 773 2098 adnot.
786 2076 801 2098 5

326 2123 351 2156 [7
371 2122 435 2156 (10)]
462 2125 487 2155 1)
506 2124 580 2156 epist.
593 2123 630 2148 acl
640 2123 728 2149 Acirc.
738 2132 766 2157 p.
778 2127 834 2156 202,
845 2127 861 2149 6
873 2126 995 2150 nostram
1011 2123 1240 2156 mediocritatem,
1254 2123 1291 2149 ad
1303 2123 1415 2149 Gernnt.
1426 2131 1454 2155 p.
1465 2126 1520 2155 481,
1535 2127 1569 2150 17,
1582 2128 1598 2149 8
1612 2132 1671 2150 inea
1685 2124 1875 2154 mediocritas;

221 2181 311 2200 meam
334 2174 517 2208 parvitatem,
543 2174 580 2200 ad
603 2174 741 2201 Hadrian.
762 2183 788 2207 p.
808 2179 864 2207 478,
882 2179 908 2201 15
934 2176 1030 2201 nostra
1053 2174 1191 2208 parvitas,
1211 2175 1404 2200 Aeehilwalclus
1431 2174 1467 2200 ad
1490 2175 1567 2201 Alam.
1584 2184 1612 2208 p.
1632 2179 1692 2207 496,
1707 2179 1739 2201 27
1766 2177 1876 2201 nostrae

222 2225 373 2259 parvitatis
482 2226 508 2258 2)
535 2226 569 2252 Ut
596 2226 746 2253 infrunitus
769 2238 801 2248 =
823 2227 952 2260 insipiens
977 2226 1058 2259 (GGl.
1081 2226 1172 2259 V560,
1187 2227 1231 2259 52)
1257 2227 1295 2251 ita
1320 2226 1442 2253 frunitus
1467 2238 1498 2248 =
1521 2227 1628 2259 sapiens
1653 2227 1688 2259 cs.
1708 2227 1739 2253 L.
1764 2227 1876 2259 Traube,

222 2276 296 2303 Perr.
310 2276 392 2304 Scott.
407 2280 462 2310 479,
476 2282 491 2303 4
578 2278 605 2309 3)
623 2278 688 2310 epist
706 2278 742 2303 ad
755 2279 844 2305 Aeire.
855 2287 882 2311 p.
893 2282 951 2311 202,
966 2284 1046 2311 4εςιιι.
1066 2280 1178 2305 constat
1196 2278 1335 2304 neminem
1355 2280 1465 2305 nostrae
1483 2278 1580 2312 stirpis
1600 2278 1731 2312 prosapia.
1750 2278 1875 2313 genitum

225 2329 253 2354 et
271 2327 452 2355 Germanicae
470 2328 562 2363 gentis
581 2329 727 2356 cunabulis
747 2331 888 2356 confotum
907 2332 973 2356 ante
994 2332 1115 2357 nostram
1135 2329 1359 2356 mediocritatem
1380 2332 1528 2363 tantopere
1547 2330 1696 2356 desudasse

325 2379 352 2414 [8
370 2380 435 2413 (ll)]
465 2381 490 2409 1)
516 2380 557 2406 De
575 2381 753 2407 Aetlzilwaldo
772 2381 806 2413 cf.
820 2382 893 2414 epist.
909 2382 948 2407 II
956 2383 1002 2415 (7),
1023 2382 1059 2407 cul
1076 2389 1155 2408 carm.
1170 2381 1284 2415 rhylhm.
1294 2382 1390 2414 praefi,
1414 2381 1446 2407 L.
1466 2381 1573 2413 Traube,
1595 2381 1689 2407 Karol.
1706 2381 1875 2414 Dichtuuyen

220 2433 317 2463 p.13·2.
341 2446 373 2450 -
398 2432 430 2457 Si
452 2433 590 2458 extremus
613 2440 753 2459 servorum
772 2432 823 2458 Dei
846 2432 913 2458 idem
931 2435 968 2458 est
993 2441 1025 2459 ac
1043 2441 1137 2459 servus
1155 2441 1295 2459 servorum
1316 2432 1379 2460 Dei.
1406 2433 1447 2458 uti
1466 2432 1619 2458 Aldhrlmus
1638 2433 1691 2464 ipse
1709 2440 1736 2457 sc
1756 2433 1876 2457 nominat

223 2481 254 2507 in
270 2482 388 2515 epistula
405 2482 441 2509 ad
454 2483 627 2516 lVinbertum,
648 2484 712 2510 haec
729 2484 845 2517 epistula
863 2486 963 2517 oportet
984 2485 1119 2516 refe-ratur
1136 2484 1174 2510 ad
1192 2487 1292 2517 tempus
1310 2485 1479 2516 episcopatus
1497 2486 1592 2514 (70.3-
1600 2487 1667 2515 7051).
1705 2483 1877 2508 Aemula-aldi

223 2533 336 2565 epistula
355 2537 417 2560 ante
435 2534 514 2566 hanc,
532 2535 561 2560 in
579 2543 632 2568 qua
650 2535 751 2561 similia
765 2538 925 2569 tanytmtun
945 2538 982 2561 est
994 2536 1096 2568 scripta
1182 2536 1209 2565 2)
1231 2535 1296 2561 viva
1311 2543 1376 2561 voce
1391 2536 1425 2567 es.
1439 2535 1513 2567 epist.
1527 2534 1563 2559 wl
1575 2534 1747 2559 Lenrlwrfam
1759 2542 1785 2566 p.
1797 2538 1852 2566 4715,
1862 2538 1877 2560 5

223 2584 250 2617 3)
268 2585 460 2611 Aethilzcaldus
473 2586 510 2612 ad
522 2586 599 2613 Aldh.
612 2595 639 2619 p.
650 2590 710 2619 496,
722 2591 751 2613 15
762 2595 799 2620 sq.
808 2596 816 2612 .-
834 2596 877 2613 me
890 2595 972 2620 quem
988 2590 1094 2614 vestrae
1108 2587 1294 2613 sublimitat-is
1307 2586 1473 2620 adoptivum
1489 2586 1591 2620 prolem
1607 2594 1638 2611 cx
1654 2585 1728 2611 omni
1742 2588 1876 2619 paternae

225 2636 389 2668 prudentiae
412 2637 494 2664 diviti
517 2646 599 2665 censu
619 2658 644 2665 ..
664 2638 755 2665 ditare
779 2647 833 2665 non
853 2647 969 2665 recuses.
994 2653 1026 2657 —
1052 2638 1138 2665 fretus
1157 2659 1183 2665 ..
1204 2647 1257 2664 non
1278 2638 1370 2671 piget,
1396 2638 1420 2663 si
1439 2637 1514 2663 modo
1533 2638 1571 2662 sic
1588 2637 1694 2669 scripsit
1714 2636 1876 2668 Aldlaefhnus,

224 2701 256 2705 —-
271 2688 356 2719 possit
373 2689 508 2721 scripsisse
527 2689 609 2723 pigeo
627 2690 663 2722 cs.
678 2690 743 2716 CGI.
758 2690 859 2721 11381,
875 2694 908 2716 37
924 2690 1008 2724 pigeo
1029 2690 1153 2724 pigor(.‘²)
1172 2690 1244 2715 ὀκνῶ
1264 2705 1296 2709 -
1314 2690 1432 2723 scripsit,
1452 2689 1530 2722 qumi
1549 2691 1698 2721 sequeretur
1717 2689 1813 2719 audeo,
1833 2688 1877 2713 ml

224 2738 259 2770 cf.
273 2739 353 2765 etiam
372 2739 410 2765 ad
427 2748 464 2773 ep.
478 2740 515 2766 ad
533 2741 615 2773 Eltsr.
628 2750 654 2774 p.
667 2745 718 2767 492
736 2741 800 2767 adn.
815 2750 832 2766 a

1620 2791 1668 2818 63*
