<?xml version="1.0" encoding="UTF-8"?>
<!DOCTYPE html PUBLIC "-//W3C//DTD XHTML 1.0 Transitional//EN"
    "http://www.w3.org/TR/xhtml1/DTD/xhtml1-transitional.dtd">
<html xmlns="http://www.w3.org/1999/xhtml" xml:lang="en" lang="en">
 <head>
  <title>
</title>
<meta http-equiv="Content-Type" content="text/html;charset=utf-8" />
  <meta name='ocr-system' content='tesseract 3.04.00' />
  <meta name='ocr-capabilities' content='ocr_page ocr_carea ocr_par ocr_line ocrx_word'/>
</head>
<body>
  <div class='ocr_page' id='page_1' title='image "./monumentagerman15geseuoft_0028.png"; bbox 0 0 2058 3062; ppageno 0'>
   <div class='ocr_carea' id='block_1_1' title="bbox 252 152 1383 184">
    <p class='ocr_par' dir='ltr' id='par_1_1' title="bbox 252 152 1383 184">
     <span class='ocr_line' id='line_1_1' title="bbox 252 152 1383 184; baseline -0.004 -1"><span class='ocrx_word' id='word_1_1' title='bbox 252 157 333 184; x_wconf 85' lang='lat' dir='ltr'>XXII</span> <span class='ocrx_word' id='word_1_2' title='bbox 768 155 816 182; x_wconf 86' lang='lat' dir='ltr'><em>DE</em></span> <span class='ocrx_word' id='word_1_3' title='bbox 835 155 925 182; x_wconf 88' lang='lat' dir='ltr'>VITA</span> <span class='ocrx_word' id='word_1_4' title='bbox 943 154 1130 181; x_wconf 85' lang='lat' dir='ltr'>ALDHELMI</span> <span class='ocrx_word' id='word_1_5' title='bbox 1149 154 1194 181; x_wconf 86' lang='lat' dir='ltr'><em>ET</em></span> <span class='ocrx_word' id='word_1_6' title='bbox 1212 152 1383 180; x_wconf 85' lang='lat' dir='ltr'>SCRIPTIS.</span> 
     </span>
    </p>
   </div>
   <div class='ocr_carea' id='block_1_2' title="bbox 240 238 1900 2812">
    <p class='ocr_par' dir='ltr' id='par_1_2' title="bbox 246 238 1900 787">
     <span class='ocr_line' id='line_1_2' title="bbox 252 238 1898 282; baseline -0.001 -9"><span class='ocrx_word' id='word_1_7' title='bbox 252 243 441 276; x_wconf 83' lang='lat' dir='ltr'><em>Sanctorum</em></span> <span class='ocrx_word' id='word_1_8' title='bbox 457 243 521 282; x_wconf 84' lang='lat' dir='ltr'><em>II),</em></span> <span class='ocrx_word' id='word_1_9' title='bbox 541 241 745 274; x_wconf 85' lang='lat' dir='ltr'><em>Scolasticam</em></span> <span class='ocrx_word' id='word_1_10' title='bbox 760 241 925 281; x_wconf 69' lang='lat' dir='ltr'><em>(Gi-eyorii</em></span> <span class='ocrx_word' id='word_1_11' title='bbox 939 240 1080 282; x_wconf 71' lang='lat' dir='ltr'><em>dialoyi),</em></span> <span class='ocrx_word' id='word_1_12' title='bbox 1108 240 1305 273; x_wconf 81' lang='lat' dir='ltr'><em>Cliristinam</em></span> <span class='ocrx_word' id='word_1_13' title='bbox 1321 240 1419 280; x_wconf 86' lang='lat' dir='ltr'><em>(Acta</em></span> <span class='ocrx_word' id='word_1_14' title='bbox 1435 239 1492 280; x_wconf 62' lang='lat' dir='ltr'><em>S),</em></span> <span class='ocrx_word' id='word_1_15' title='bbox 1515 238 1709 272; x_wconf 84' lang='lat' dir='ltr'><em>Dorotlieam</em></span> <span class='ocrx_word' id='word_1_16' title='bbox 1724 241 1823 281; x_wconf 86' lang='lat' dir='ltr'><em>(Acta</em></span> <span class='ocrx_word' id='word_1_17' title='bbox 1838 241 1898 280; x_wconf 62' lang='lat' dir='ltr'><em>S),</em></span> 
     </span>
     <span class='ocr_line' id='line_1_3' title="bbox 255 290 1900 333; baseline -0.001 -8"><span class='ocrx_word' id='word_1_18' title='bbox 255 295 494 325; x_wconf 66' lang='lat' dir='ltr'><em>Constantinam</em></span> <span class='ocrx_word' id='word_1_19' title='bbox 510 293 609 333; x_wconf 90' lang='lat' dir='ltr'><em>(Acta</em></span> <span class='ocrx_word' id='word_1_20' title='bbox 628 293 687 332; x_wconf 78' lang='grc'><em>8.),</em></span> <span class='ocrx_word' id='word_1_21' title='bbox 710 292 917 324; x_wconf 75' lang='lat' dir='ltr'><em>Eustochium</em></span> <span class='ocrx_word' id='word_1_22' title='bbox 933 292 1136 333; x_wconf 76' lang='lat' dir='ltr'><em>(Hieronymi</em></span> <span class='ocrx_word' id='word_1_23' title='bbox 1158 293 1245 332; x_wconf 87' lang='lat' dir='ltr'><em>epist.</em></span> <span class='ocrx_word' id='word_1_24' title='bbox 1262 292 1329 333; x_wconf 76' lang='lat'><em>22),</em></span> <span class='ocrx_word' id='word_1_25' title='bbox 1352 291 1592 323; x_wconf 87' lang='lat' dir='ltr'><em>Demedriadem</em></span> <span class='ocrx_word' id='word_1_26' title='bbox 1609 290 1748 332; x_wconf 66' lang='lat' dir='ltr'><em>(Pelagii</em></span> <span class='ocrx_word' id='word_1_27' title='bbox 1769 291 1900 332; x_wconf 84' lang='lat' dir='ltr'><em>epistola</em></span> 
     </span>
     <span class='ocr_line' id='line_1_4' title="bbox 251 342 1899 385; baseline -0.001 -9"><span class='ocrx_word' id='word_1_28' title='bbox 251 346 294 376; x_wconf 81' lang='lat' dir='ltr'><em>acl</em></span> <span class='ocrx_word' id='word_1_29' title='bbox 311 345 568 385; x_wconf 72' lang='lat' dir='ltr'><em>Demetriadem),</em></span> <span class='ocrx_word' id='word_1_30' title='bbox 594 344 767 382; x_wconf 82' lang='lat' dir='ltr'><em>Chioniam,</em></span> <span class='ocrx_word' id='word_1_31' title='bbox 790 344 915 382; x_wconf 82' lang='lat' dir='ltr'><em>Irenen,</em></span> <span class='ocrx_word' id='word_1_32' title='bbox 939 344 1071 383; x_wconf 70' lang='lat' dir='ltr'><em>Ayapen</em></span> <span class='ocrx_word' id='word_1_33' title='bbox 1089 343 1185 384; x_wconf 88' lang='lat' dir='ltr'><em>(Acta</em></span> <span class='ocrx_word' id='word_1_34' title='bbox 1203 343 1262 382; x_wconf 88' lang='lat' dir='ltr'><em>S.),</em></span> <span class='ocrx_word' id='word_1_35' title='bbox 1285 343 1440 383; x_wconf 75' lang='lat' dir='ltr'><em>Rufinam</em></span> <span class='ocrx_word' id='word_1_36' title='bbox 1463 345 1491 374; x_wconf 87' lang='lat' dir='ltr'><em>et</em></span> <span class='ocrx_word' id='word_1_37' title='bbox 1514 342 1692 374; x_wconf 79' lang='lat' dir='ltr'><strong><em>Secundam</em></strong></span> <span class='ocrx_word' id='word_1_38' title='bbox 1715 343 1814 383; x_wconf 88' lang='lat' dir='ltr'><em>(Acta</em></span> <span class='ocrx_word' id='word_1_39' title='bbox 1839 343 1899 384; x_wconf 70' lang='lat' dir='ltr'><em>S),</em></span> 
     </span>
     <span class='ocr_line' id='line_1_5' title="bbox 253 393 1898 435; baseline -0.002 -7"><span class='ocrx_word' id='word_1_40' title='bbox 253 396 436 428; x_wconf 82' lang='lat' dir='ltr'><em>Anatoliam</em></span> <span class='ocrx_word' id='word_1_41' title='bbox 452 399 481 428; x_wconf 89' lang='lat' dir='ltr'><em>et</em></span> <span class='ocrx_word' id='word_1_42' title='bbox 500 396 670 427; x_wconf 77' lang='lat' dir='ltr'><em>Victoriam</em></span> <span class='ocrx_word' id='word_1_43' title='bbox 686 396 785 435; x_wconf 83' lang='lat' dir='ltr'><em>(Acta</em></span> <span class='ocrx_word' id='word_1_44' title='bbox 801 396 859 435; x_wconf 84' lang='lat' dir='ltr'><em>S.),</em></span> <span class='ocrx_word' id='word_1_45' title='bbox 883 396 921 427; x_wconf 87' lang='lat' dir='ltr'><em>de</em></span> <span class='ocrx_word' id='word_1_46' title='bbox 942 394 1093 427; x_wconf 82' lang='lat' dir='ltr'><em>Geroasio</em></span> <span class='ocrx_word' id='word_1_47' title='bbox 1108 398 1137 427; x_wconf 92' lang='lat' dir='ltr'><em>et</em></span> <span class='ocrx_word' id='word_1_48' title='bbox 1152 395 1299 427; x_wconf 87' lang='lat' dir='ltr'><em>Protasio</em></span> <span class='ocrx_word' id='word_1_49' title='bbox 1321 396 1389 426; x_wconf 79' lang='lat' dir='ltr'><em>vide</em></span> <span class='ocrx_word' id='word_1_50' title='bbox 1405 394 1638 426; x_wconf 84' lang='lat' dir='ltr'><em>Ps.-Ambrosii</em></span> <span class='ocrx_word' id='word_1_51' title='bbox 1659 405 1705 434; x_wconf 85' lang='lat' dir='ltr'><em>ep.</em></span> <span class='ocrx_word' id='word_1_52' title='bbox 1722 394 1766 426; x_wconf 92' lang='lat' dir='ltr'><em>II</em></span> <span class='ocrx_word' id='word_1_53' title='bbox 1777 393 1898 435; x_wconf 88' lang='lat' dir='ltr'><em>(LIII)</em></span> 
     </span>
     <span class='ocr_line' id='line_1_6' title="bbox 252 445 1899 487; baseline -0.001 -9"><span class='ocrx_word' id='word_1_54' title='bbox 252 464 290 474; x_wconf 92' lang='lat'><strong><em>=</em></strong></span> <span class='ocrx_word' id='word_1_55' title='bbox 309 448 363 479; x_wconf 92' lang='lat' dir='ltr'><em>IV</em></span> <span class='ocrx_word' id='word_1_56' title='bbox 376 448 438 478; x_wconf 75' lang='lat'><em>821</em></span> <span class='ocrx_word' id='word_1_57' title='bbox 463 448 589 487; x_wconf 73' lang='lat' dir='ltr'><em>Dliyne:</em></span> <span class='ocrx_word' id='word_1_58' title='bbox 616 449 706 486; x_wconf 79' lang='lat' dir='ltr'><em>atque</em></span> <span class='ocrx_word' id='word_1_59' title='bbox 734 447 837 478; x_wconf 81' lang='lat' dir='ltr'><em>onmia</em></span> <span class='ocrx_word' id='word_1_60' title='bbox 865 447 940 478; x_wconf 80' lang='lat' dir='ltr'><em>haec</em></span> <span class='ocrx_word' id='word_1_61' title='bbox 967 457 1124 478; x_wconf 83' lang='lat' dir='ltr'><em>enarrans</em></span> <span class='ocrx_word' id='word_1_62' title='bbox 1152 449 1214 478; x_wconf 86' lang='lat' dir='ltr'><em>tam</em></span> <span class='ocrx_word' id='word_1_63' title='bbox 1237 450 1323 478; x_wconf 85' lang='lat' dir='ltr'><em>arcte</em></span> <span class='ocrx_word' id='word_1_64' title='bbox 1345 457 1407 478; x_wconf 90' lang='lat' dir='ltr'><em>sua</em></span> <span class='ocrx_word' id='word_1_65' title='bbox 1429 446 1472 477; x_wconf 82' lang='lat' dir='ltr'><em>ad</em></span> <span class='ocrx_word' id='word_1_66' title='bbox 1494 448 1637 478; x_wconf 73' lang='lat' dir='ltr'><em>auctores</em></span> <span class='ocrx_word' id='word_1_67' title='bbox 1659 455 1733 477; x_wconf 88' lang='lat' dir='ltr'><em>suos</em></span> <span class='ocrx_word' id='word_1_68' title='bbox 1755 445 1899 485; x_wconf 85' lang='lat' dir='ltr'><em>adaptat,</em></span> 
     </span>
     <span class='ocr_line' id='line_1_7' title="bbox 251 497 1900 540; baseline -0.001 -10"><span class='ocrx_word' id='word_1_69' title='bbox 251 502 285 530; x_wconf 70' lang='lat' dir='ltr'><em>iat</em></span> <span class='ocrx_word' id='word_1_70' title='bbox 314 500 491 540; x_wconf 72' lang='lat' dir='ltr'><em>saepissime</em></span> <span class='ocrx_word' id='word_1_71' title='bbox 516 499 583 538; x_wconf 81' lang='lat' dir='ltr'><em>ipsa</em></span> <span class='ocrx_word' id='word_1_72' title='bbox 608 499 698 529; x_wconf 70' lang='lat' dir='ltr'><em>rerba</em></span> <span class='ocrx_word' id='word_1_73' title='bbox 722 499 927 532; x_wconf 89' lang='lat' dir='ltr'><em>consentiant.</em></span> <span class='ocrx_word' id='word_1_74' title='bbox 972 498 1026 529; x_wconf 75' lang='lat' dir='ltr'><em>Ea:</em></span> <span class='ocrx_word' id='word_1_75' title='bbox 1047 498 1106 529; x_wconf 77' lang='lat' dir='ltr'><em>liae</em></span> <span class='ocrx_word' id='word_1_76' title='bbox 1128 500 1231 529; x_wconf 83' lang='lat' dir='ltr'><em>autem</em></span> <span class='ocrx_word' id='word_1_77' title='bbox 1253 498 1473 538; x_wconf 73' lang='lat' dir='ltr'><em>explicatione,</em></span> <span class='ocrx_word' id='word_1_78' title='bbox 1501 508 1595 537; x_wconf 79' lang='lat' dir='ltr'><em>quam</em></span> <span class='ocrx_word' id='word_1_79' title='bbox 1611 498 1729 537; x_wconf 88' lang='lat' dir='ltr'><em>paucis</em></span> <span class='ocrx_word' id='word_1_80' title='bbox 1751 497 1825 529; x_wconf 88' lang='lat' dir='ltr'><em>locis</em></span> <span class='ocrx_word' id='word_1_81' title='bbox 1847 508 1900 529; x_wconf 66' lang='grc' dir='ltr'><em>εω-</em></span> 
     </span>
     <span class='ocr_line' id='line_1_8' title="bbox 251 548 1899 592; baseline -0.001 -11"><span class='ocrx_word' id='word_1_82' title='bbox 251 551 346 592; x_wconf 83' lang='lat' dir='ltr'><em>ceptis</em></span> <span class='ocrx_word' id='word_1_83' title='bbox 361 551 396 581; x_wconf 85' lang='lat' dir='ltr'><em>in</em></span> <span class='ocrx_word' id='word_1_84' title='bbox 408 551 546 581; x_wconf 77' lang='lat' dir='ltr'><em>carmine</em></span> <span class='ocrx_word' id='word_1_85' title='bbox 561 550 708 589; x_wconf 85' lang='lat' dir='ltr'><em>repetivit,</em></span> <span class='ocrx_word' id='word_1_86' title='bbox 722 549 971 589; x_wconf 76' lang='lat' dir='ltr'><em>luculentissime,</em></span> <span class='ocrx_word' id='word_1_87' title='bbox 989 552 1178 591; x_wconf 74' lang='lat' dir='ltr'><em>quantopere</em></span> <span class='ocrx_word' id='word_1_88' title='bbox 1193 550 1417 581; x_wconf 86' lang='lat' dir='ltr'><em>ecclesiasticas</em></span> <span class='ocrx_word' id='word_1_89' title='bbox 1433 549 1556 581; x_wconf 80' lang='lat' dir='ltr'><em>litteras</em></span> <span class='ocrx_word' id='word_1_90' title='bbox 1569 548 1754 581; x_wconf 83' lang='lat' dir='ltr'><em>Aldlielmus</em></span> <span class='ocrx_word' id='word_1_91' title='bbox 1769 550 1899 587; x_wconf 78' lang='lat' dir='ltr'><em>noverit,</em></span> 
     </span>
     <span class='ocr_line' id='line_1_9' title="bbox 246 600 1899 644; baseline -0.001 -10"><span class='ocrx_word' id='word_1_92' title='bbox 246 605 347 644; x_wconf 86' lang='lat' dir='ltr'><em>potest</em></span> <span class='ocrx_word' id='word_1_93' title='bbox 371 603 514 641; x_wconf 80' lang='lat' dir='ltr'><em>intelleqi.</em></span> <span class='ocrx_word' id='word_1_94' title='bbox 561 602 603 634; x_wconf 89' lang='lat' dir='ltr'><em>In</em></span> <span class='ocrx_word' id='word_1_95' title='bbox 625 603 683 639; x_wconf 87' lang='lat' dir='ltr'><em>eis,</em></span> <span class='ocrx_word' id='word_1_96' title='bbox 705 612 785 641; x_wconf 83' lang='lat' dir='ltr'><em>quae</em></span> <span class='ocrx_word' id='word_1_97' title='bbox 807 604 990 641; x_wconf 77' lang='lat' dir='ltr'><em>seqmintur,</em></span> <span class='ocrx_word' id='word_1_98' title='bbox 1018 600 1163 640; x_wconf 68' lang='lat' dir='ltr'><em>Greyorii</em></span> <span class='ocrx_word' id='word_1_99' title='bbox 1184 604 1213 632; x_wconf 90' lang='lat' dir='ltr'><em>et</em></span> <span class='ocrx_word' id='word_1_100' title='bbox 1239 601 1402 642; x_wconf 78' lang='lat' dir='ltr'><em>Cypriani,</em></span> <span class='ocrx_word' id='word_1_101' title='bbox 1432 601 1543 632; x_wconf 85' lang='lat' dir='ltr'><em>deinde</em></span> <span class='ocrx_word' id='word_1_102' title='bbox 1566 601 1742 641; x_wconf 62' lang='lat' dir='ltr'><em>Augustini</em></span> <span class='ocrx_word' id='word_1_103' title='bbox 1763 601 1899 632; x_wconf 75' lang='lat' dir='ltr'><em>maxime</em></span> 
     </span>
     <span class='ocr_line' id='line_1_10' title="bbox 252 652 1899 693; baseline -0.001 -8"><span class='ocrx_word' id='word_1_104' title='bbox 252 655 325 685; x_wconf 89' lang='lat' dir='ltr'><em>loeis</em></span> <span class='ocrx_word' id='word_1_105' title='bbox 347 663 423 684; x_wconf 80' lang='lat' dir='ltr'><em>usus</em></span> <span class='ocrx_word' id='word_1_106' title='bbox 447 653 609 684; x_wconf 77' lang='lat' dir='ltr'><em>luxuriam</em></span> <span class='ocrx_word' id='word_1_107' title='bbox 631 652 919 684; x_wconf 79' lang='lat' dir='ltr'><em>sanctimonialium</em></span> <span class='ocrx_word' id='word_1_108' title='bbox 941 653 1105 693; x_wconf 84' lang='lat' dir='ltr'><em>vituperat.</em></span> <span class='ocrx_word' id='word_1_109' title='bbox 1152 652 1212 684; x_wconf 85' lang='lat' dir='ltr'><em>Sed</em></span> <span class='ocrx_word' id='word_1_110' title='bbox 1241 653 1276 684; x_wconf 88' lang='lat' dir='ltr'><em>in</em></span> <span class='ocrx_word' id='word_1_111' title='bbox 1302 652 1353 683; x_wconf 75' lang='lat' dir='ltr'><em>liis</em></span> <span class='ocrx_word' id='word_1_112' title='bbox 1375 662 1439 683; x_wconf 88' lang='lat' dir='ltr'><em>non</em></span> <span class='ocrx_word' id='word_1_113' title='bbox 1461 653 1576 690; x_wconf 87' lang='lat' dir='ltr'><em>minus,</em></span> <span class='ocrx_word' id='word_1_114' title='bbox 1599 663 1693 692; x_wconf 83' lang='lat' dir='ltr'><em>quam</em></span> <span class='ocrx_word' id='word_1_115' title='bbox 1715 653 1750 683; x_wconf 78' lang='lat' dir='ltr'><em>¹in</em></span> <span class='ocrx_word' id='word_1_116' title='bbox 1773 653 1899 693; x_wconf 62' lang='lat' dir='ltr'><em>epilogio,</em></span> 
     </span>
     <span class='ocr_line' id='line_1_11' title="bbox 253 703 1899 744; baseline -0.001 -9"><span class='ocrx_word' id='word_1_117' title='bbox 253 705 387 736; x_wconf 84' lang='lat' dir='ltr'><em>aliorum</em></span> <span class='ocrx_word' id='word_1_118' title='bbox 427 705 589 736; x_wconf 86' lang='lat' dir='ltr'><em>sententiis</em></span> <span class='ocrx_word' id='word_1_119' title='bbox 628 714 704 735; x_wconf 89' lang='lat' dir='ltr'><em>suas</em></span> <span class='ocrx_word' id='word_1_120' title='bbox 740 705 932 743; x_wconf 82' lang='lat' dir='ltr'><em>confirmans</em></span> <span class='ocrx_word' id='word_1_121' title='bbox 973 705 1001 734; x_wconf 89' lang='lat' dir='ltr'><em>et</em></span> <span class='ocrx_word' id='word_1_122' title='bbox 1037 703 1186 734; x_wconf 86' lang='lat' dir='ltr'><em>decorans</em></span> <span class='ocrx_word' id='word_1_123' title='bbox 1228 713 1265 734; x_wconf 90' lang='lat' dir='ltr'><em>ea</em></span> <span class='ocrx_word' id='word_1_124' title='bbox 1301 703 1451 744; x_wconf 73' lang='lat' dir='ltr'><em>explicat,</em></span> <span class='ocrx_word' id='word_1_125' title='bbox 1495 713 1574 743; x_wconf 84' lang='lat' dir='ltr'><em>quae</em></span> <span class='ocrx_word' id='word_1_126' title='bbox 1613 703 1674 735; x_wconf 88' lang='lat' dir='ltr'><em>sibi</em></span> <span class='ocrx_word' id='word_1_127' title='bbox 1710 703 1899 743; x_wconf 76' lang='lat' dir='ltr'><em>explicanda</em></span> 
     </span>
     <span class='ocr_line' id='line_1_12' title="bbox 252 757 408 787; baseline 0 0"><span class='ocrx_word' id='word_1_128' title='bbox 252 757 408 787; x_wconf 81' lang='lat' dir='ltr'><em>videntur.</em></span> 
     </span>
    </p>

    <p class='ocr_par' dir='ltr' id='par_1_3' title="bbox 242 805 1900 1668">
     <span class='ocr_line' id='line_1_13' title="bbox 351 805 1900 846; baseline -0.001 -8"><span class='ocrx_word' id='word_1_129' title='bbox 351 807 405 838; x_wconf 78' lang='lat' dir='ltr'><em>Ad</em></span> <span class='ocrx_word' id='word_1_130' title='bbox 434 807 508 838; x_wconf 79' lang='lat' dir='ltr'><em>haec</em></span> <span class='ocrx_word' id='word_1_131' title='bbox 537 808 640 837; x_wconf 84' lang='lat' dir='ltr'><em>autem</em></span> <span class='ocrx_word' id='word_1_132' title='bbox 669 807 703 837; x_wconf 84' lang='lat' dir='ltr'><em>in</em></span> <span class='ocrx_word' id='word_1_133' title='bbox 731 806 822 838; x_wconf 88' lang='lat' dir='ltr'><em>rebus</em></span> <span class='ocrx_word' id='word_1_134' title='bbox 851 805 1028 836; x_wconf 81' lang='lat' dir='ltr'><em>tractandis</em></span> <span class='ocrx_word' id='word_1_135' title='bbox 1056 805 1239 836; x_wconf 86' lang='lat' dir='ltr'><em>adiumenta</em></span> <span class='ocrx_word' id='word_1_136' title='bbox 1261 815 1325 837; x_wconf 89' lang='lat' dir='ltr'><em>non</em></span> <span class='ocrx_word' id='word_1_137' title='bbox 1347 806 1451 836; x_wconf 88' lang='lat' dir='ltr'><em>minor</em></span> <span class='ocrx_word' id='word_1_138' title='bbox 1472 806 1590 836; x_wconf 86' lang='lat' dir='ltr'><em>accedit</em></span> <span class='ocrx_word' id='word_1_139' title='bbox 1612 815 1731 844; x_wconf 90' lang='lat' dir='ltr'><em>eorum,</em></span> <span class='ocrx_word' id='word_1_140' title='bbox 1754 817 1836 846; x_wconf 80' lang='lat' dir='ltr'><em>quae</em></span> <span class='ocrx_word' id='word_1_141' title='bbox 1857 806 1900 837; x_wconf 91' lang='lat' dir='ltr'><em>ad</em></span> 
     </span>
     <span class='ocr_line' id='line_1_14' title="bbox 249 856 1899 898; baseline 0 -9"><span class='ocrx_word' id='word_1_142' title='bbox 249 868 417 889; x_wconf 80' lang='lat' dir='ltr'><em>sermonem</em></span> <span class='ocrx_word' id='word_1_143' title='bbox 446 859 547 897; x_wconf 88' lang='lat' dir='ltr'><em>ipsum</em></span> <span class='ocrx_word' id='word_1_144' title='bbox 576 857 774 889; x_wconf 77' lang='lat' dir='ltr'><em>excolendum</em></span> <span class='ocrx_word' id='word_1_145' title='bbox 801 859 830 888; x_wconf 91' lang='lat' dir='ltr'><em>ct</em></span> <span class='ocrx_word' id='word_1_146' title='bbox 857 856 1067 888; x_wconf 83' lang='lat' dir='ltr'><em>decorandum</em></span> <span class='ocrx_word' id='word_1_147' title='bbox 1090 856 1274 888; x_wconf 78' lang='lat' dir='ltr'><em>Aldlielmus</em></span> <span class='ocrx_word' id='word_1_148' title='bbox 1296 857 1461 894; x_wconf 75' lang='lat' dir='ltr'><em>adiunxit,</em></span> <span class='ocrx_word' id='word_1_149' title='bbox 1490 857 1593 898; x_wconf 80' lang='lat' dir='ltr'><em>copia:</em></span> <span class='ocrx_word' id='word_1_150' title='bbox 1616 867 1692 888; x_wconf 88' lang='lat' dir='ltr'><em>nam</em></span> <span class='ocrx_word' id='word_1_151' title='bbox 1714 867 1778 889; x_wconf 88' lang='lat' dir='ltr'><em>non</em></span> <span class='ocrx_word' id='word_1_152' title='bbox 1799 857 1899 890; x_wconf 82' lang='lat' dir='ltr'><em>solum</em></span> 
     </span>
     <span class='ocr_line' id='line_1_15' title="bbox 251 907 1900 949; baseline 0 -9"><span class='ocrx_word' id='word_1_153' title='bbox 251 910 286 940; x_wconf 85' lang='lat' dir='ltr'><em>in</em></span> <span class='ocrx_word' id='word_1_154' title='bbox 304 909 457 949; x_wconf 73' lang='lat' dir='ltr'><em>,Maildufi</em></span> <span class='ocrx_word' id='word_1_155' title='bbox 480 909 675 940; x_wconf 84' lang='lat' dir='ltr'><em>institutione</em></span> <span class='ocrx_word' id='word_1_156' title='bbox 690 908 895 940; x_wconf 86' lang='lat' dir='ltr'><em>Hibernicam</em></span> <span class='ocrx_word' id='word_1_157' title='bbox 913 908 1058 939; x_wconf 80' lang='lat' dir='ltr'><em>didicisse</em></span> <span class='ocrx_word' id='word_1_158' title='bbox 1076 918 1145 940; x_wconf 89' lang='lat' dir='ltr'><em>eum</em></span> <span class='ocrx_word' id='word_1_159' title='bbox 1163 908 1366 940; x_wconf 86' lang='lat' dir='ltr'><em>elocutionem</em></span> <span class='ocrx_word' id='word_1_160' title='bbox 1388 907 1483 939; x_wconf 80' lang='lat' dir='ltr'><em>elucet</em></span> <span class='ocrx_word' id='word_1_161' title='bbox 1501 918 1539 939; x_wconf 76' lang='lat' dir='ltr'><em>ex</em></span> <span class='ocrx_word' id='word_1_162' title='bbox 1555 908 1712 947; x_wconf 79' lang='lat' dir='ltr'><em>plurimis,</em></span> <span class='ocrx_word' id='word_1_163' title='bbox 1733 909 1769 939; x_wconf 88' lang='lat' dir='ltr'><em>in</em></span> <span class='ocrx_word' id='word_1_164' title='bbox 1786 909 1900 949; x_wconf 80' lang='lat' dir='ltr'><em>quibus</em></span> 
     </span>
     <span class='ocr_line' id='line_1_16' title="bbox 251 959 1900 1001; baseline 0 -10"><span class='ocrx_word' id='word_1_165' title='bbox 251 971 317 991; x_wconf 78' lang='lat' dir='ltr'><em>cnm</em></span> <span class='ocrx_word' id='word_1_166' title='bbox 337 960 517 1001; x_wconf 77' lang='lat' dir='ltr'><em>faminibus</em></span> <span class='ocrx_word' id='word_1_167' title='bbox 535 960 713 999; x_wconf 80' lang='lat' dir='ltr'><em>Hispericis</em></span> <span class='ocrx_word' id='word_1_168' title='bbox 735 962 798 991; x_wconf 91' lang='lat' dir='ltr'><em>tam</em></span> <span class='ocrx_word' id='word_1_169' title='bbox 817 960 851 991; x_wconf 84' lang='lat' dir='ltr'><em>in</em></span> <span class='ocrx_word' id='word_1_170' title='bbox 870 960 970 991; x_wconf 87' lang='lat' dir='ltr'><em>verbis</em></span> <span class='ocrx_word' id='word_1_171' title='bbox 992 960 1071 1000; x_wconf 87' lang='lat' dir='ltr'><em>ipsis</em></span> <span class='ocrx_word' id='word_1_172' title='bbox 1092 970 1187 999; x_wconf 80' lang='lat' dir='ltr'><em>quam</em></span> <span class='ocrx_word' id='word_1_173' title='bbox 1210 959 1245 990; x_wconf 89' lang='lat' dir='ltr'><em>in</em></span> <span class='ocrx_word' id='word_1_174' title='bbox 1267 959 1427 991; x_wconf 85' lang='lat' dir='ltr'><em>verborum</em></span> <span class='ocrx_word' id='word_1_175' title='bbox 1449 959 1667 1000; x_wconf 77' lang='lat' dir='ltr'><em>compositione</em></span> <span class='ocrx_word' id='word_1_176' title='bbox 1689 969 1754 991; x_wconf 88' lang='lat' dir='ltr'><em>non</em></span> <span class='ocrx_word' id='word_1_177' title='bbox 1775 959 1841 991; x_wconf 90' lang='lat' dir='ltr'><em>sola</em></span> <span class='ocrx_word' id='word_1_178' title='bbox 1864 961 1900 991; x_wconf 85' lang='lat' dir='ltr'><em>in</em></span> 
     </span>
     <span class='ocr_line' id='line_1_17' title="bbox 252 1010 1900 1051; baseline 0 -8"><span class='ocrx_word' id='word_1_179' title='bbox 252 1012 385 1051; x_wconf 72' lang='lat' dir='ltr'><em>epistula</em></span> <span class='ocrx_word' id='word_1_180' title='bbox 408 1012 450 1043; x_wconf 85' lang='lat' dir='ltr'><em>ad</em></span> <span class='ocrx_word' id='word_1_181' title='bbox 467 1011 653 1050; x_wconf 79' lang='lat' dir='ltr'><em>Ehfriclum,</em></span> <span class='ocrx_word' id='word_1_182' title='bbox 675 1011 729 1042; x_wconf 89' lang='lat' dir='ltr'><em>sed</em></span> <span class='ocrx_word' id='word_1_183' title='bbox 750 1012 842 1043; x_wconf 86' lang='lat' dir='ltr'><em>etiam</em></span> <span class='ocrx_word' id='word_1_184' title='bbox 867 1012 899 1042; x_wconf 84' lang='lat' dir='ltr'><em>in</em></span> <span class='ocrx_word' id='word_1_185' title='bbox 923 1012 1031 1043; x_wconf 83' lang='lat' dir='ltr'><em>ceteris</em></span> <span class='ocrx_word' id='word_1_186' title='bbox 1053 1011 1197 1042; x_wconf 88' lang='lat' dir='ltr'><em>omnibus</em></span> <span class='ocrx_word' id='word_1_187' title='bbox 1220 1011 1320 1048; x_wconf 87' lang='lat' dir='ltr'><em>libris,</em></span> <span class='ocrx_word' id='word_1_188' title='bbox 1343 1011 1400 1042; x_wconf 89' lang='lat' dir='ltr'><em>etsi</em></span> <span class='ocrx_word' id='word_1_189' title='bbox 1423 1011 1458 1042; x_wconf 85' lang='lat' dir='ltr'><em>in</em></span> <span class='ocrx_word' id='word_1_190' title='bbox 1479 1010 1529 1041; x_wconf 81' lang='lat' dir='ltr'><em>his</em></span> <span class='ocrx_word' id='word_1_191' title='bbox 1551 1012 1669 1049; x_wconf 85' lang='lat' dir='ltr'><em>rarius,</em></span> <span class='ocrx_word' id='word_1_192' title='bbox 1693 1011 1900 1049; x_wconf 83' lang='lat' dir='ltr'><em>conferendus</em></span> 
     </span>
     <span class='ocr_line' id='line_1_18' title="bbox 249 1062 1899 1103; baseline 0 -9"><span class='ocrx_word' id='word_1_193' title='bbox 249 1066 305 1101; x_wconf 85' lang='lat' dir='ltr'><em>est,</em></span> <span class='ocrx_word' id='word_1_194' title='bbox 335 1064 388 1094; x_wconf 81' lang='lat' dir='ltr'><em>secl</em></span> <span class='ocrx_word' id='word_1_195' title='bbox 417 1064 508 1094; x_wconf 78' lang='lat' dir='ltr'><em>ctiam</em></span> <span class='ocrx_word' id='word_1_196' title='bbox 536 1063 704 1095; x_wconf 82' lang='lat' dir='ltr'><em>Cantuarii</em></span> <span class='ocrx_word' id='word_1_197' title='bbox 734 1065 797 1093; x_wconf 86' lang='lat' dir='ltr'><em>tam</em></span> <span class='ocrx_word' id='word_1_198' title='bbox 826 1063 991 1102; x_wconf 75' lang='lat' dir='ltr'><em>scriptores</em></span> <span class='ocrx_word' id='word_1_199' title='bbox 1018 1062 1239 1094; x_wconf 81' lang='lat' dir='ltr'><em>ecclesiasticos</em></span> <span class='ocrx_word' id='word_1_200' title='bbox 1261 1062 1459 1102; x_wconf 80' lang='lat' dir='ltr'><em>ethnicosque</em></span> <span class='ocrx_word' id='word_1_201' title='bbox 1481 1062 1645 1102; x_wconf 73' lang='lat' dir='ltr'><em>diliyenter</em></span> <span class='ocrx_word' id='word_1_202' title='bbox 1667 1062 1782 1103; x_wconf 75' lang='lat' dir='ltr'><em>leyerat</em></span> <span class='ocrx_word' id='word_1_203' title='bbox 1804 1073 1899 1102; x_wconf 82' lang='lat' dir='ltr'><em>quam</em></span> 
     </span>
     <span class='ocr_line' id='line_1_19' title="bbox 242 1113 1899 1156; baseline -0.001 -10"><span class='ocrx_word' id='word_1_204' title='bbox 242 1118 352 1156; x_wconf 85' lang='lat' dir='ltr'><em>poetas</em></span> <span class='ocrx_word' id='word_1_205' title='bbox 382 1115 538 1152; x_wconf 76' lang='lat' dir='ltr'><em>classicos,</em></span> <span class='ocrx_word' id='word_1_206' title='bbox 570 1115 652 1146; x_wconf 85' lang='lat' dir='ltr'><em>inter</em></span> <span class='ocrx_word' id='word_1_207' title='bbox 681 1124 757 1153; x_wconf 78' lang='lat' dir='ltr'><em>quos</em></span> <span class='ocrx_word' id='word_1_208' title='bbox 784 1117 819 1145; x_wconf 83' lang='lat' dir='ltr'><em>ut</em></span> <span class='ocrx_word' id='word_1_209' title='bbox 840 1124 904 1145; x_wconf 82' lang='lat' dir='ltr'><em>non</em></span> <span class='ocrx_word' id='word_1_210' title='bbox 930 1114 1034 1155; x_wconf 86' lang='lat' dir='ltr'><em>fuisse</em></span> <span class='ocrx_word' id='word_1_211' title='bbox 1057 1114 1227 1146; x_wconf 84' lang='lat' dir='ltr'><em>Horatium</em></span> <span class='ocrx_word' id='word_1_212' title='bbox 1250 1116 1384 1152; x_wconf 89' lang='lat' dir='ltr'><em>constat,</em></span> <span class='ocrx_word' id='word_1_213' title='bbox 1414 1114 1460 1145; x_wconf 72' lang='lat' dir='ltr'><em>ita</em></span> <span class='ocrx_word' id='word_1_214' title='bbox 1481 1124 1560 1145; x_wconf 87' lang='lat' dir='ltr'><em>num</em></span> <span class='ocrx_word' id='word_1_215' title='bbox 1581 1115 1680 1152; x_wconf 86' lang='lat' dir='ltr'><em>fuerit</em></span> <span class='ocrx_word' id='word_1_216' title='bbox 1705 1113 1835 1146; x_wconf 86' lang='lat' dir='ltr'><em>Ovidius</em></span> <span class='ocrx_word' id='word_1_217' title='bbox 1857 1132 1899 1136; x_wconf 91' lang='lat'><strong>—</strong></span> 
     </span>
     <span class='ocr_line' id='line_1_20' title="bbox 247 1165 1899 1205; baseline -0.001 -8"><span class='ocrx_word' id='word_1_218' title='bbox 247 1167 302 1198; x_wconf 81' lang='lat' dir='ltr'><em>sed</em></span> <span class='ocrx_word' id='word_1_219' title='bbox 329 1167 435 1204; x_wconf 83' lang='lat' dir='ltr'><em>confer</em></span> <span class='ocrx_word' id='word_1_220' title='bbox 457 1167 500 1197; x_wconf 84' lang='lat' dir='ltr'><em>acl</em></span> <span class='ocrx_word' id='word_1_221' title='bbox 527 1166 670 1205; x_wconf 60' lang='lat' dir='ltr'><em>aenigma</em></span> <span class='ocrx_word' id='word_1_222' title='bbox 692 1165 788 1197; x_wconf 86' lang='lat' dir='ltr'><em>XCV</em></span> <span class='ocrx_word' id='word_1_223' title='bbox 810 1186 851 1189; x_wconf 86' lang='lat'><strong>—</strong></span> <span class='ocrx_word' id='word_1_224' title='bbox 874 1166 1004 1197; x_wconf 84' lang='lat' dir='ltr'><em>dubium</em></span> <span class='ocrx_word' id='word_1_225' title='bbox 1034 1168 1090 1204; x_wconf 89' lang='lat' dir='ltr'><em>est,</em></span> <span class='ocrx_word' id='word_1_226' title='bbox 1121 1168 1148 1197; x_wconf 84' lang='lat' dir='ltr'><em>et</em></span> <span class='ocrx_word' id='word_1_227' title='bbox 1178 1165 1385 1197; x_wconf 75' lang='lat' dir='ltr'><em>christianos:</em></span> <span class='ocrx_word' id='word_1_228' title='bbox 1413 1175 1476 1204; x_wconf 91' lang='lat' dir='ltr'><em>eos,</em></span> <span class='ocrx_word' id='word_1_229' title='bbox 1505 1175 1581 1205; x_wconf 79' lang='lat' dir='ltr'><em>quos</em></span> <span class='ocrx_word' id='word_1_230' title='bbox 1603 1165 1704 1204; x_wconf 82' lang='lat' dir='ltr'><em>affert,</em></span> <span class='ocrx_word' id='word_1_231' title='bbox 1736 1166 1771 1196; x_wconf 86' lang='lat' dir='ltr'><em>in</em></span> <span class='ocrx_word' id='word_1_232' title='bbox 1794 1165 1899 1197; x_wconf 88' lang='lat' dir='ltr'><em>indice</em></span> 
     </span>
     <span class='ocr_line' id='line_1_21' title="bbox 245 1216 1899 1258; baseline 0 -10"><span class='ocrx_word' id='word_1_233' title='bbox 245 1218 403 1256; x_wconf 76' lang='lat' dir='ltr'><em>peculiari</em></span> <span class='ocrx_word' id='word_1_234' title='bbox 429 1217 541 1256; x_wconf 61' lang='lat' dir='ltr'><em>colleqi.</em></span> <span class='ocrx_word' id='word_1_235' title='bbox 587 1217 651 1248; x_wconf 86' lang='lat' dir='ltr'><em>Sed</em></span> <span class='ocrx_word' id='word_1_236' title='bbox 680 1217 785 1248; x_wconf 87' lang='lat' dir='ltr'><em>omnia</em></span> <span class='ocrx_word' id='word_1_237' title='bbox 814 1218 893 1248; x_wconf 85' lang='lat' dir='ltr'><em>miro</em></span> <span class='ocrx_word' id='word_1_238' title='bbox 921 1220 951 1248; x_wconf 88' lang='lat' dir='ltr'><em>et</em></span> <span class='ocrx_word' id='word_1_239' title='bbox 975 1217 1079 1258; x_wconf 85' lang='lat' dir='ltr'><em>fatali</em></span> <span class='ocrx_word' id='word_1_240' title='bbox 1105 1217 1277 1256; x_wconf 73' lang='lat' dir='ltr'><em>eleqantiae</em></span> <span class='ocrx_word' id='word_1_241' title='bbox 1306 1216 1422 1254; x_wconf 72' lang='lat' dir='ltr'><em>studio,</em></span> <span class='ocrx_word' id='word_1_242' title='bbox 1452 1227 1512 1257; x_wconf 81' lang='lat' dir='ltr'><em>quo</em></span> <span class='ocrx_word' id='word_1_243' title='bbox 1534 1217 1693 1258; x_wconf 85' lang='lat' dir='ltr'><em>simplicia</em></span> <span class='ocrx_word' id='word_1_244' title='bbox 1715 1217 1899 1256; x_wconf 85' lang='lat' dir='ltr'><em>simpliciter</em></span> 
     </span>
     <span class='ocr_line' id='line_1_22' title="bbox 248 1268 1897 1308; baseline 0.001 -9"><span class='ocrx_word' id='word_1_245' title='bbox 248 1269 348 1300; x_wconf 85' lang='lat' dir='ltr'><em>dicere</em></span> <span class='ocrx_word' id='word_1_246' title='bbox 377 1269 476 1300; x_wconf 68' lang='lat' dir='ltr'><em>vetari</em></span> <span class='ocrx_word' id='word_1_247' title='bbox 502 1268 563 1299; x_wconf 87' lang='lat' dir='ltr'><em>sibi</em></span> <span class='ocrx_word' id='word_1_248' title='bbox 589 1268 764 1306; x_wconf 82' lang='lat' dir='ltr'><em>videbatur,</em></span> <span class='ocrx_word' id='word_1_249' title='bbox 794 1268 837 1299; x_wconf 89' lang='lat' dir='ltr'><em>ad</em></span> <span class='ocrx_word' id='word_1_250' title='bbox 866 1271 929 1299; x_wconf 88' lang='lat' dir='ltr'><em>tam</em></span> <span class='ocrx_word' id='word_1_251' title='bbox 957 1269 1160 1307; x_wconf 74' lang='lat' dir='ltr'><em>artificiosam</em></span> <span class='ocrx_word' id='word_1_252' title='bbox 1189 1271 1218 1299; x_wconf 90' lang='lat' dir='ltr'><em>et</em></span> <span class='ocrx_word' id='word_1_253' title='bbox 1240 1268 1415 1308; x_wconf 76' lang='lat' dir='ltr'><em>quaesitam</em></span> <span class='ocrx_word' id='word_1_254' title='bbox 1438 1268 1563 1300; x_wconf 90' lang='lat' dir='ltr'><em>dicendi</em></span> <span class='ocrx_word' id='word_1_255' title='bbox 1584 1269 1737 1300; x_wconf 72' lang='lat' dir='ltr'><em>rationem</em></span> <span class='ocrx_word' id='word_1_256' title='bbox 1760 1269 1897 1306; x_wconf 79' lang='lat' dir='ltr'><em>invertit,</em></span> 
     </span>
     <span class='ocr_line' id='line_1_23' title="bbox 247 1319 1898 1361; baseline 0 -11"><span class='ocrx_word' id='word_1_257' title='bbox 247 1322 283 1350; x_wconf 87' lang='lat' dir='ltr'><em>ut</em></span> <span class='ocrx_word' id='word_1_258' title='bbox 305 1321 493 1359; x_wconf 76' lang='lat' dir='ltr'><em>saepissime,</em></span> <span class='ocrx_word' id='word_1_259' title='bbox 524 1319 603 1359; x_wconf 76' lang='lat' dir='ltr'><em>quid</em></span> <span class='ocrx_word' id='word_1_260' title='bbox 624 1320 684 1350; x_wconf 79' lang='lat' dir='ltr'><em>sibi</em></span> <span class='ocrx_word' id='word_1_261' title='bbox 706 1320 787 1357; x_wconf 82' lang='lat' dir='ltr'><em>velit,</em></span> <span class='ocrx_word' id='word_1_262' title='bbox 811 1321 904 1359; x_wconf 77' lang='lat' dir='ltr'><em>quasi</em></span> <span class='ocrx_word' id='word_1_263' title='bbox 922 1330 980 1359; x_wconf 86' lang='lat' dir='ltr'><em>per</em></span> <span class='ocrx_word' id='word_1_264' title='bbox 1002 1320 1147 1360; x_wconf 75' lang='lat' dir='ltr'><em>ambayes</em></span> <span class='ocrx_word' id='word_1_265' title='bbox 1166 1321 1368 1361; x_wconf 70' lang='lat' dir='ltr'><em>profiteatur:</em></span> <span class='ocrx_word' id='word_1_266' title='bbox 1400 1322 1429 1351; x_wconf 91' lang='lat' dir='ltr'><em>et</em></span> <span class='ocrx_word' id='word_1_267' title='bbox 1452 1320 1553 1351; x_wconf 83' lang='lat' dir='ltr'><em>maior</em></span> <span class='ocrx_word' id='word_1_268' title='bbox 1575 1320 1649 1351; x_wconf 79' lang='lat' dir='ltr'><em>haec</em></span> <span class='ocrx_word' id='word_1_269' title='bbox 1670 1320 1706 1351; x_wconf 84' lang='lat' dir='ltr'><em>in</em></span> <span class='ocrx_word' id='word_1_270' title='bbox 1719 1330 1834 1361; x_wconf 75' lang='lat' dir='ltr'><em>prosa,</em></span> <span class='ocrx_word' id='word_1_271' title='bbox 1865 1320 1898 1350; x_wconf 88' lang='lat' dir='ltr'><em>in</em></span> 
     </span>
     <span class='ocr_line' id='line_1_24' title="bbox 249 1371 1898 1411; baseline 0.001 -9"><span class='ocrx_word' id='word_1_272' title='bbox 249 1382 310 1411; x_wconf 81' lang='lat' dir='ltr'><em>qua</em></span> <span class='ocrx_word' id='word_1_273' title='bbox 341 1372 470 1402; x_wconf 86' lang='lat' dir='ltr'><em>liberius</em></span> <span class='ocrx_word' id='word_1_274' title='bbox 498 1371 693 1409; x_wconf 76' lang='lat' dir='ltr'><em>excurrebat,</em></span> <span class='ocrx_word' id='word_1_275' title='bbox 722 1382 816 1410; x_wconf 68' lang='lat' dir='ltr'><em>quam</em></span> <span class='ocrx_word' id='word_1_276' title='bbox 845 1372 881 1402; x_wconf 84' lang='lat' dir='ltr'><em>in</em></span> <span class='ocrx_word' id='word_1_277' title='bbox 909 1372 1060 1409; x_wconf 85' lang='lat' dir='ltr'><em>versibus,</em></span> <span class='ocrx_word' id='word_1_278' title='bbox 1091 1372 1145 1403; x_wconf 88' lang='lat' dir='ltr'><em>ubi</em></span> <span class='ocrx_word' id='word_1_279' title='bbox 1170 1374 1302 1403; x_wconf 89' lang='lat' dir='ltr'><em>metrum</em></span> <span class='ocrx_word' id='word_1_280' title='bbox 1325 1381 1393 1402; x_wconf 86' lang='lat' dir='ltr'><em>eum</em></span> <span class='ocrx_word' id='word_1_281' title='bbox 1417 1372 1591 1410; x_wconf 84' lang='lat' dir='ltr'><em>coartabat,</em></span> <span class='ocrx_word' id='word_1_282' title='bbox 1621 1374 1665 1403; x_wconf 88' lang='lat' dir='ltr'><em>cst</em></span> <span class='ocrx_word' id='word_1_283' title='bbox 1689 1371 1832 1410; x_wconf 87' lang='lat' dir='ltr'><em>lieentia;</em></span> <span class='ocrx_word' id='word_1_284' title='bbox 1864 1372 1898 1403; x_wconf 83' lang='lat' dir='ltr'><em>in</em></span> 
     </span>
     <span class='ocr_line' id='line_1_25' title="bbox 246 1423 1898 1464; baseline 0.001 -11"><span class='ocrx_word' id='word_1_285' title='bbox 246 1425 379 1462; x_wconf 81' lang='lat' dir='ltr'><em>utraque</em></span> <span class='ocrx_word' id='word_1_286' title='bbox 402 1423 536 1454; x_wconf 82' lang='lat' dir='ltr'><em>eiusdem</em></span> <span class='ocrx_word' id='word_1_287' title='bbox 558 1423 680 1454; x_wconf 84' lang='lat' dir='ltr'><em>litterae</em></span> <span class='ocrx_word' id='word_1_288' title='bbox 702 1423 890 1455; x_wconf 88' lang='lat' dir='ltr'><em>assiduitate</em></span> <span class='ocrx_word' id='word_1_289' title='bbox 912 1424 959 1454; x_wconf 82' lang='lat' dir='ltr'><em>vel</em></span> <span class='ocrx_word' id='word_1_290' title='bbox 981 1424 1117 1454; x_wconf 77' lang='lat' dir='ltr'><em>maxime</em></span> <span class='ocrx_word' id='word_1_291' title='bbox 1137 1423 1260 1464; x_wconf 85' lang='lat' dir='ltr'><em>9audet.</em></span> <span class='ocrx_word' id='word_1_292' title='bbox 1306 1423 1350 1454; x_wconf 89' lang='lat' dir='ltr'><em>In</em></span> <span class='ocrx_word' id='word_1_293' title='bbox 1372 1433 1439 1455; x_wconf 87' lang='lat' dir='ltr'><em>ana</em></span> <span class='ocrx_word' id='word_1_294' title='bbox 1461 1425 1563 1455; x_wconf 83' lang='lat' dir='ltr'><em>autem</em></span> <span class='ocrx_word' id='word_1_295' title='bbox 1586 1433 1619 1454; x_wconf 85' lang='lat' dir='ltr'><em>re</em></span> <span class='ocrx_word' id='word_1_296' title='bbox 1636 1423 1735 1464; x_wconf 84' lang='lat' dir='ltr'><em>plane</em></span> <span class='ocrx_word' id='word_1_297' title='bbox 1756 1423 1898 1460; x_wconf 85' lang='lat' dir='ltr'><em>diversus</em></span> 
     </span>
     <span class='ocr_line' id='line_1_26' title="bbox 247 1474 1897 1516; baseline 0.001 -11"><span class='ocrx_word' id='word_1_298' title='bbox 247 1477 292 1505; x_wconf 86' lang='lat' dir='ltr'><em>est</em></span> <span class='ocrx_word' id='word_1_299' title='bbox 314 1475 351 1505; x_wconf 89' lang='lat' dir='ltr'><em>ab</em></span> <span class='ocrx_word' id='word_1_300' title='bbox 367 1474 536 1505; x_wconf 85' lang='lat' dir='ltr'><em>Hibernis:</em></span> <span class='ocrx_word' id='word_1_301' title='bbox 561 1475 596 1505; x_wconf 87' lang='lat' dir='ltr'><em>in</em></span> <span class='ocrx_word' id='word_1_302' title='bbox 616 1475 816 1513; x_wconf 74' lang='lat' dir='ltr'><em>periodorum</em></span> <span class='ocrx_word' id='word_1_303' title='bbox 840 1476 1066 1507; x_wconf 87' lang='lat' dir='ltr'><em>constructione</em></span> <span class='ocrx_word' id='word_1_304' title='bbox 1089 1477 1116 1506; x_wconf 91' lang='lat' dir='ltr'><em>et</em></span> <span class='ocrx_word' id='word_1_305' title='bbox 1139 1475 1358 1516; x_wconf 82' lang='lat' dir='ltr'><em>amplitudine,</em></span> <span class='ocrx_word' id='word_1_306' title='bbox 1381 1485 1462 1515; x_wconf 76' lang='lat' dir='ltr'><em>quas</em></span> <span class='ocrx_word' id='word_1_307' title='bbox 1485 1477 1549 1506; x_wconf 87' lang='lat' dir='ltr'><em>tam</em></span> <span class='ocrx_word' id='word_1_308' title='bbox 1572 1474 1679 1515; x_wconf 74' lang='lat' dir='ltr'><em>lonyas</em></span> <span class='ocrx_word' id='word_1_309' title='bbox 1702 1484 1791 1516; x_wconf 82' lang='lat' dir='ltr'><em>saepe</em></span> <span class='ocrx_word' id='word_1_310' title='bbox 1809 1475 1897 1513; x_wconf 77' lang='lat' dir='ltr'><em>facit,</em></span> 
     </span>
     <span class='ocr_line' id='line_1_27' title="bbox 246 1526 1897 1568; baseline 0.001 -12"><span class='ocrx_word' id='word_1_311' title='bbox 246 1528 280 1556; x_wconf 87' lang='lat' dir='ltr'><em>ut</em></span> <span class='ocrx_word' id='word_1_312' title='bbox 303 1526 356 1557; x_wconf 70' lang='lat' dir='ltr'><em>via·</em></span> <span class='ocrx_word' id='word_1_313' title='bbox 374 1526 498 1565; x_wconf 84' lang='lat' dir='ltr'><em>possint</em></span> <span class='ocrx_word' id='word_1_314' title='bbox 522 1526 731 1565; x_wconf 71' lang='lat' dir='ltr'><em>circumspici,</em></span> <span class='ocrx_word' id='word_1_315' title='bbox 754 1536 894 1566; x_wconf 80' lang='lat' dir='ltr'><em>quasque</em></span> <span class='ocrx_word' id='word_1_316' title='bbox 913 1537 971 1568; x_wconf 83' lang='lat' dir='ltr'><em>per</em></span> <span class='ocrx_word' id='word_1_317' title='bbox 993 1527 1157 1558; x_wconf 76' lang='lat' dir='ltr'><em>verborum</em></span> <span class='ocrx_word' id='word_1_318' title='bbox 1179 1528 1398 1558; x_wconf 86' lang='lat' dir='ltr'><em>assonantiam</em></span> <span class='ocrx_word' id='word_1_319' title='bbox 1420 1529 1448 1558; x_wconf 92' lang='lat' dir='ltr'><em>et</em></span> <span class='ocrx_word' id='word_1_320' title='bbox 1470 1528 1652 1558; x_wconf 86' lang='lat' dir='ltr'><em>commatum</em></span> <span class='ocrx_word' id='word_1_321' title='bbox 1671 1526 1839 1564; x_wconf 81' lang='lat' dir='ltr'><em>clausulas,</em></span> <span class='ocrx_word' id='word_1_322' title='bbox 1862 1526 1897 1558; x_wconf 84' lang='lat' dir='ltr'><em>in</em></span> 
     </span>
     <span class='ocr_line' id='line_1_28' title="bbox 246 1577 1897 1619; baseline 0.001 -12"><span class='ocrx_word' id='word_1_323' title='bbox 246 1577 359 1616; x_wconf 79' lang='lat' dir='ltr'><em>quibus</em></span> <span class='ocrx_word' id='word_1_324' title='bbox 388 1577 663 1609; x_wconf 79' lang='lat' dir='ltr'><em>ceclesiasticorum</em></span> <span class='ocrx_word' id='word_1_325' title='bbox 691 1579 891 1619; x_wconf 81' lang='lat' dir='ltr'><em>scriptorum,</em></span> <span class='ocrx_word' id='word_1_326' title='bbox 921 1579 1096 1619; x_wconf 75' lang='lat' dir='ltr'><em>Auyustini</em></span> <span class='ocrx_word' id='word_1_327' title='bbox 1131 1579 1267 1611; x_wconf 74' lang='lat' dir='ltr'><em>maxime</em></span> <span class='ocrx_word' id='word_1_328' title='bbox 1302 1580 1331 1610; x_wconf 87' lang='lat' dir='ltr'><em>et</em></span> <span class='ocrx_word' id='word_1_329' title='bbox 1363 1579 1519 1619; x_wconf 74' lang='lat' dir='ltr'><em>Cypriani</em></span> <span class='ocrx_word' id='word_1_330' title='bbox 1547 1581 1576 1610; x_wconf 89' lang='lat' dir='ltr'><em>et</em></span> <span class='ocrx_word' id='word_1_331' title='bbox 1607 1577 1743 1616; x_wconf 86' lang='lat' dir='ltr'><em>Sedulii,</em></span> <span class='ocrx_word' id='word_1_332' title='bbox 1783 1588 1897 1609; x_wconf 91' lang='lat' dir='ltr'><em>morem</em></span> 
     </span>
     <span class='ocr_line' id='line_1_29' title="bbox 248 1629 987 1668; baseline 0.005 -10"><span class='ocrx_word' id='word_1_333' title='bbox 248 1629 347 1666; x_wconf 70' lang='lat' dir='ltr'><em>anxit,</em></span> <span class='ocrx_word' id='word_1_334' title='bbox 370 1639 464 1668; x_wconf 80' lang='lat' dir='ltr'><em>quam</em></span> <span class='ocrx_word' id='word_1_335' title='bbox 487 1630 622 1660; x_wconf 79' lang='lat' dir='ltr'><em>maxime</em></span> <span class='ocrx_word' id='word_1_336' title='bbox 645 1630 790 1661; x_wconf 86' lang='lat' dir='ltr'><em>decorare</em></span> <span class='ocrx_word' id='word_1_337' title='bbox 812 1640 911 1662; x_wconf 83' lang='lat' dir='ltr'><em>ausus</em></span> <span class='ocrx_word' id='word_1_338' title='bbox 933 1633 987 1662; x_wconf 89' lang='lat' dir='ltr'><em>est.</em></span> 
     </span>
    </p>

    <p class='ocr_par' dir='ltr' id='par_1_4' title="bbox 247 1680 1897 1825">
     <span class='ocr_line' id='line_1_30' title="bbox 349 1680 1897 1724; baseline 0.001 -14"><span class='ocrx_word' id='word_1_339' title='bbox 349 1681 452 1719; x_wconf 76' lang='lat' dir='ltr'><em>Atque</em></span> <span class='ocrx_word' id='word_1_340' title='bbox 484 1680 542 1711; x_wconf 80' lang='lat' dir='ltr'><em>tiac</em></span> <span class='ocrx_word' id='word_1_341' title='bbox 573 1681 609 1711; x_wconf 84' lang='lat' dir='ltr'><em>de</em></span> <span class='ocrx_word' id='word_1_342' title='bbox 632 1692 665 1712; x_wconf 90' lang='lat' dir='ltr'><em>re</em></span> <span class='ocrx_word' id='word_1_343' title='bbox 686 1691 792 1720; x_wconf 87' lang='lat' dir='ltr'><em>pauca</em></span> <span class='ocrx_word' id='word_1_344' title='bbox 816 1682 893 1713; x_wconf 83' lang='lat' dir='ltr'><em>milii</em></span> <span class='ocrx_word' id='word_1_345' title='bbox 920 1683 1064 1714; x_wconf 80' lang='lat' dir='ltr'><em>videntur</em></span> <span class='ocrx_word' id='word_1_346' title='bbox 1086 1682 1243 1714; x_wconf 88' lang='lat' dir='ltr'><em>addenda.</em></span> <span class='ocrx_word' id='word_1_347' title='bbox 1291 1683 1359 1724; x_wconf 77' lang='lat' dir='ltr'><em>Quo</em></span> <span class='ocrx_word' id='word_1_348' title='bbox 1387 1682 1450 1714; x_wconf 90' lang='lat' dir='ltr'><em>loco</em></span> <span class='ocrx_word' id='word_1_349' title='bbox 1472 1681 1659 1713; x_wconf 79' lang='lat' dir='ltr'><em>Aldlielmus</em></span> <span class='ocrx_word' id='word_1_350' title='bbox 1687 1681 1723 1712; x_wconf 86' lang='lat' dir='ltr'><em>de</em></span> <span class='ocrx_word' id='word_1_351' title='bbox 1753 1691 1897 1712; x_wconf 86' lang='lat' dir='ltr'><em>versuum</em></span> 
     </span>
     <span class='ocr_line' id='line_1_31' title="bbox 251 1732 1897 1775; baseline 0.002 -15"><span class='ocrx_word' id='word_1_352' title='bbox 251 1741 377 1762; x_wconf 77' lang='lat' dir='ltr'><em>suorum</em></span> <span class='ocrx_word' id='word_1_353' title='bbox 406 1732 509 1769; x_wconf 84' lang='lat' dir='ltr'><em>forma</em></span> <span class='ocrx_word' id='word_1_354' title='bbox 533 1732 658 1763; x_wconf 82' lang='lat' dir='ltr'><em>disserit</em></span> <span class='ocrx_word' id='word_1_355' title='bbox 681 1733 791 1772; x_wconf 87' lang='lat' dir='ltr'><em>(carm.</em></span> <span class='ocrx_word' id='word_1_356' title='bbox 815 1733 851 1763; x_wconf 87' lang='lat' dir='ltr'><em>de</em></span> <span class='ocrx_word' id='word_1_357' title='bbox 874 1734 950 1773; x_wconf 63' lang='lat' dir='ltr'><em>virg).</em></span> <span class='ocrx_word' id='word_1_358' title='bbox 974 1744 1000 1764; x_wconf 83' lang='lat' dir='ltr'><em>v.</em></span> <span class='ocrx_word' id='word_1_359' title='bbox 1018 1734 1172 1775; x_wconf 73' lang='lat' dir='ltr'><em>47),‚ipse</em></span> <span class='ocrx_word' id='word_1_360' title='bbox 1195 1735 1405 1773; x_wconf 84' lang='lat' dir='ltr'><em>quaestionem</em></span> <span class='ocrx_word' id='word_1_361' title='bbox 1429 1733 1650 1772; x_wconf 75' lang='lat' dir='ltr'><em>subdifficilem</em></span> <span class='ocrx_word' id='word_1_362' title='bbox 1680 1734 1735 1773; x_wconf 88' lang='lat' dir='ltr'><em>(ef.</em></span> <span class='ocrx_word' id='word_1_363' title='bbox 1759 1732 1897 1765; x_wconf 81' lang='lat' dir='ltr'><em>Arevalo</em></span> 
     </span>
     <span class='ocr_line' id='line_1_32' title="bbox 247 1782 1490 1825; baseline 0.003 -13"><span class='ocrx_word' id='word_1_364' title='bbox 247 1782 291 1812; x_wconf 85' lang='lat' dir='ltr'><em>ad</em></span> <span class='ocrx_word' id='word_1_365' title='bbox 313 1782 477 1814; x_wconf 79' lang='lat' dir='ltr'><em>Sedalium</em></span> <span class='ocrx_word' id='word_1_366' title='bbox 498 1783 590 1822; x_wconf 82' lang='lat' dir='ltr'><em>proll.</em></span> <span class='ocrx_word' id='word_1_367' title='bbox 613 1794 645 1822; x_wconf 91' lang='lat' dir='ltr'><em>p.</em></span> <span class='ocrx_word' id='word_1_368' title='bbox 663 1785 773 1823; x_wconf 75' lang='lat' dir='ltr'><em>98sq.)</em></span> <span class='ocrx_word' id='word_1_369' title='bbox 796 1784 945 1816; x_wconf 83' lang='lat' dir='ltr'><em>dictionis</em></span> <span class='ocrx_word' id='word_1_370' title='bbox 968 1788 1064 1817; x_wconf 73' lang='lat' dir='ltr'><em>movet</em></span> <span class='ocrx_word' id='word_1_371' title='bbox 1087 1786 1297 1825; x_wconf 70' lang='lat' dir='ltr'><em>antbiyuitate,</em></span> <span class='ocrx_word' id='word_1_372' title='bbox 1321 1796 1390 1816; x_wconf 89' lang='lat' dir='ltr'><em>cum</em></span> <span class='ocrx_word' id='word_1_373' title='bbox 1414 1785 1490 1816; x_wconf 88' lang='lat' dir='ltr'><em>dicit</em></span> 
     </span>
    </p>

    <p class='ocr_par' dir='ltr' id='par_1_5' title="bbox 240 1839 1898 2812">
     <span class='ocr_line' id='line_1_33' title="bbox 601 1839 1536 1883; baseline 0.002 -14"><span class='ocrx_word' id='word_1_374' title='bbox 601 1839 745 1881; x_wconf 86' lang='lat' dir='ltr'><em>Colaque</em></span> <span class='ocrx_word' id='word_1_375' title='bbox 770 1850 841 1872; x_wconf 86' lang='lat' dir='ltr'><em>cum</em></span> <span class='ocrx_word' id='word_1_376' title='bbox 866 1840 1002 1882; x_wconf 88' lang='lat' dir='ltr'><em>pedibus</em></span> <span class='ocrx_word' id='word_1_377' title='bbox 1025 1844 1164 1883; x_wconf 75' lang='lat' dir='ltr'><em>pergunt</em></span> <span class='ocrx_word' id='word_1_378' title='bbox 1187 1845 1220 1873; x_wconf 85' lang='lat' dir='ltr'><em>et</em></span> <span class='ocrx_word' id='word_1_379' title='bbox 1244 1843 1405 1873; x_wconf 79' lang='lat' dir='ltr'><em>commata</em></span> <span class='ocrx_word' id='word_1_380' title='bbox 1428 1841 1536 1872; x_wconf 87' lang='lat' dir='ltr'><em>ternis.</em></span> 
     </span>
     <span class='ocr_line' id='line_1_34' title="bbox 241 1893 1896 1938; baseline 0.002 -15"><span class='ocrx_word' id='word_1_381' title='bbox 241 1893 344 1924; x_wconf 80' lang='lat' dir='ltr'><em>Pedes</em></span> <span class='ocrx_word' id='word_1_382' title='bbox 372 1894 495 1933; x_wconf 78' lang='lat' dir='ltr'><em>quidem</em></span> <span class='ocrx_word' id='word_1_383' title='bbox 524 1895 606 1925; x_wconf 76' lang='lat' dir='ltr'><em>terni</em></span> <span class='ocrx_word' id='word_1_384' title='bbox 634 1896 690 1934; x_wconf 76' lang='lat' dir='ltr'><em>qui</em></span> <span class='ocrx_word' id='word_1_385' title='bbox 712 1896 789 1933; x_wconf 80' lang='lat' dir='ltr'><em>sint,</em></span> <span class='ocrx_word' id='word_1_386' title='bbox 822 1897 886 1938; x_wconf 84' lang='lat' dir='ltr'><em>ipse</em></span> <span class='ocrx_word' id='word_1_387' title='bbox 914 1897 1049 1937; x_wconf 75' lang='lat' dir='ltr'><em>dactylo,</em></span> <span class='ocrx_word' id='word_1_388' title='bbox 1081 1897 1228 1937; x_wconf 76' lang='lat' dir='ltr'><em>spondeo,</em></span> <span class='ocrx_word' id='word_1_389' title='bbox 1262 1898 1382 1929; x_wconf 76' lang='lat' dir='ltr'><em>trocheo</em></span> <span class='ocrx_word' id='word_1_390' title='bbox 1409 1897 1602 1928; x_wconf 87' lang='lat' dir='ltr'><em>enumeratis</em></span> <span class='ocrx_word' id='word_1_391' title='bbox 1629 1895 1778 1937; x_wconf 75' lang='lat' dir='ltr'><em>explicat,</em></span> <span class='ocrx_word' id='word_1_392' title='bbox 1811 1906 1896 1927; x_wconf 88' lang='lat' dir='ltr'><em>cum</em></span> 
     </span>
     <span class='ocr_line' id='line_1_35' title="bbox 247 1944 1897 1990; baseline 0.002 -15"><span class='ocrx_word' id='word_1_393' title='bbox 247 1944 383 1985; x_wconf 88' lang='lat' dir='ltr'><em>pedibus</em></span> <span class='ocrx_word' id='word_1_394' title='bbox 411 1946 509 1977; x_wconf 85' lang='lat' dir='ltr'><em>ternis</em></span> <span class='ocrx_word' id='word_1_395' title='bbox 531 1948 635 1976; x_wconf 87' lang='lat' dir='ltr'><em>autem</em></span> <span class='ocrx_word' id='word_1_396' title='bbox 658 1947 828 1978; x_wconf 78' lang='lat' dir='ltr'><em>secundam</em></span> <span class='ocrx_word' id='word_1_397' title='bbox 850 1948 918 1979; x_wconf 84' lang='lat' dir='ltr'><em>eius</em></span> <span class='ocrx_word' id='word_1_398' title='bbox 940 1948 1104 1980; x_wconf 89' lang='lat' dir='ltr'><em>dictionem</em></span> <span class='ocrx_word' id='word_1_399' title='bbox 1126 1949 1208 1980; x_wconf 85' lang='lat' dir='ltr'><em>idem</em></span> <span class='ocrx_word' id='word_1_400' title='bbox 1230 1951 1275 1980; x_wconf 89' lang='lat' dir='ltr'><em>est</em></span> <span class='ocrx_word' id='word_1_401' title='bbox 1296 1959 1334 1980; x_wconf 89' lang='lat' dir='ltr'><em>ac</em></span> <span class='ocrx_word' id='word_1_402' title='bbox 1356 1948 1493 1990; x_wconf 86' lang='lat' dir='ltr'><em>pedibus</em></span> <span class='ocrx_word' id='word_1_403' title='bbox 1516 1948 1626 1980; x_wconf 77' lang='lat' dir='ltr'><em>tribus.</em></span> <span class='ocrx_word' id='word_1_404' title='bbox 1674 1947 1755 1979; x_wconf 87' lang='lat' dir='ltr'><em>Oola</em></span> <span class='ocrx_word' id='word_1_405' title='bbox 1776 1957 1846 1979; x_wconf 85' lang='lat' dir='ltr'><em>vero</em></span> <span class='ocrx_word' id='word_1_406' title='bbox 1868 1949 1897 1978; x_wconf 89' lang='lat' dir='ltr'><em>et</em></span> 
     </span>
     <span class='ocr_line' id='line_1_36' title="bbox 247 1997 1897 2042; baseline 0.002 -16"><span class='ocrx_word' id='word_1_407' title='bbox 247 2000 408 2028; x_wconf 82' lang='lat' dir='ltr'><em>commata</em></span> <span class='ocrx_word' id='word_1_408' title='bbox 435 2008 489 2028; x_wconf 87' lang='lat' dir='ltr'><em>eac</em></span> <span class='ocrx_word' id='word_1_409' title='bbox 511 2008 531 2028; x_wconf 89' lang='lat' dir='ltr'><em>a</em></span> <span class='ocrx_word' id='word_1_410' title='bbox 556 1997 702 2029; x_wconf 78' lang='lat' dir='ltr'><em>technicis</em></span> <span class='ocrx_word' id='word_1_411' title='bbox 725 1998 942 2039; x_wconf 64' lang='lat' dir='ltr'><em>intelliguntur</em></span> <span class='ocrx_word' id='word_1_412' title='bbox 964 2010 1109 2032; x_wconf 81' lang='lat' dir='ltr'><em>versuum</em></span> <span class='ocrx_word' id='word_1_413' title='bbox 1126 2003 1245 2042; x_wconf 84' lang='lat' dir='ltr'><em>partes,</em></span> <span class='ocrx_word' id='word_1_414' title='bbox 1274 2011 1355 2040; x_wconf 80' lang='lat' dir='ltr'><em>quae</em></span> <span class='ocrx_word' id='word_1_415' title='bbox 1376 2002 1553 2032; x_wconf 82' lang='lat' dir='ltr'><em>nascuntur</em></span> <span class='ocrx_word' id='word_1_416' title='bbox 1574 2000 1675 2031; x_wconf 84' lang='lat' dir='ltr'><em>verbis</em></span> <span class='ocrx_word' id='word_1_417' title='bbox 1697 2002 1756 2030; x_wconf 89' lang='lat' dir='ltr'><em>aut</em></span> <span class='ocrx_word' id='word_1_418' title='bbox 1777 1999 1813 2030; x_wconf 88' lang='lat' dir='ltr'><em>in</em></span> <span class='ocrx_word' id='word_1_419' title='bbox 1833 1999 1897 2038; x_wconf 80' lang='lat' dir='ltr'><em>fine</em></span> 
     </span>
     <span class='ocr_line' id='line_1_37' title="bbox 242 2047 1898 2091; baseline 0.003 -14"><span class='ocrx_word' id='word_1_420' title='bbox 242 2047 359 2086; x_wconf 83' lang='lat' dir='ltr'><em>pedum</em></span> <span class='ocrx_word' id='word_1_421' title='bbox 382 2051 437 2078; x_wconf 80' lang='lat' dir='ltr'><em>aut</em></span> <span class='ocrx_word' id='word_1_422' title='bbox 460 2049 547 2079; x_wconf 70' lang='lat' dir='ltr'><em>intra</em></span> <span class='ocrx_word' id='word_1_423' title='bbox 566 2049 660 2088; x_wconf 87' lang='lat' dir='ltr'><em>pedes</em></span> <span class='ocrx_word' id='word_1_424' title='bbox 683 2051 870 2083; x_wconf 73' lang='lat' dir='ltr'><em>terminatis.</em></span> <span class='ocrx_word' id='word_1_425' title='bbox 908 2050 1007 2082; x_wconf 90' lang='lat' dir='ltr'><em>Docet</em></span> <span class='ocrx_word' id='word_1_426' title='bbox 1029 2051 1084 2083; x_wconf 77' lang='lat' dir='ltr'><em>hoc</em></span> <span class='ocrx_word' id='word_1_427' title='bbox 1101 2070 1141 2075; x_wconf 87' lang='lat'><em>——</em></span> <span class='ocrx_word' id='word_1_428' title='bbox 1158 2051 1344 2084; x_wconf 76' lang='lat' dir='ltr'><em>Aldlielmus</em></span> <span class='ocrx_word' id='word_1_429' title='bbox 1365 2062 1404 2082; x_wconf 87' lang='lat' dir='ltr'><em>ne</em></span> <span class='ocrx_word' id='word_1_430' title='bbox 1428 2052 1461 2082; x_wconf 87' lang='lat' dir='ltr'><em>in</em></span> <span class='ocrx_word' id='word_1_431' title='bbox 1480 2053 1617 2083; x_wconf 86' lang='lat' dir='ltr'><em>tractatu</em></span> <span class='ocrx_word' id='word_1_432' title='bbox 1635 2051 1758 2091; x_wconf 83' lang='lat' dir='ltr'><em>quidem</em></span> <span class='ocrx_word' id='word_1_433' title='bbox 1774 2051 1898 2082; x_wconf 88' lang='lat' dir='ltr'><em>metrico</em></span> 
     </span>
     <span class='ocr_line' id='line_1_38' title="bbox 247 2098 1896 2145; baseline 0.003 -17"><span class='ocrx_word' id='word_1_434' title='bbox 247 2098 301 2129; x_wconf 78' lang='lat' dir='ltr'><em>hoc</em></span> <span class='ocrx_word' id='word_1_435' title='bbox 327 2100 430 2138; x_wconf 70' lang='lat' dir='ltr'><em>attiyit</em></span> <span class='ocrx_word' id='word_1_436' title='bbox 454 2119 494 2122; x_wconf 86' lang='lat'><em>——</em></span> <span class='ocrx_word' id='word_1_437' title='bbox 519 2100 685 2142; x_wconf 81' lang='lat' dir='ltr'><em>Pompeius</em></span> <span class='ocrx_word' id='word_1_438' title='bbox 715 2102 875 2141; x_wconf 83' lang='lat' dir='ltr'><em>(Gramm.</em></span> <span class='ocrx_word' id='word_1_439' title='bbox 900 2103 956 2134; x_wconf 88' lang='lat' dir='ltr'><em>lat.</em></span> <span class='ocrx_word' id='word_1_440' title='bbox 974 2102 1002 2134; x_wconf 87' lang='lat' dir='ltr'><strong><em>V</em></strong></span> <span class='ocrx_word' id='word_1_441' title='bbox 1019 2103 1167 2144; x_wconf 79' lang='lat' dir='ltr'><em>133K.):</em></span> <span class='ocrx_word' id='word_1_442' title='bbox 1198 2106 1307 2144; x_wconf 84' lang='lat' dir='ltr'><em>partes</em></span> <span class='ocrx_word' id='word_1_443' title='bbox 1332 2128 1364 2135; x_wconf 82' lang='lat'><em>..</em></span> <span class='ocrx_word' id='word_1_444' title='bbox 1389 2103 1489 2145; x_wconf 88' lang='lat' dir='ltr'><em>ipsius</em></span> <span class='ocrx_word' id='word_1_445' title='bbox 1518 2103 1632 2144; x_wconf 79' lang='lat' dir='ltr'><em>capitis</em></span> <span class='ocrx_word' id='word_1_446' title='bbox 1655 2103 1692 2143; x_wconf 90' lang='lat' dir='ltr'><em>(i.</em></span> <span class='ocrx_word' id='word_1_447' title='bbox 1709 2113 1734 2134; x_wconf 90' lang='lat' dir='ltr'><em>e.</em></span> <span class='ocrx_word' id='word_1_448' title='bbox 1757 2101 1896 2144; x_wconf 87' lang='lat' dir='ltr'><em>periodi)</em></span> 
     </span>
     <span class='ocr_line' id='line_1_39' title="bbox 250 2150 1896 2196; baseline 0.003 -17"><span class='ocrx_word' id='word_1_449' title='bbox 250 2150 451 2191; x_wconf 78' lang='lat' dir='ltr'><em>appellantur</em></span> <span class='ocrx_word' id='word_1_450' title='bbox 481 2152 551 2183; x_wconf 85' lang='lat' dir='ltr'><em>cola</em></span> <span class='ocrx_word' id='word_1_451' title='bbox 583 2155 614 2183; x_wconf 82' lang='lat' dir='ltr'><em>et</em></span> <span class='ocrx_word' id='word_1_452' title='bbox 641 2157 801 2185; x_wconf 80' lang='lat' dir='ltr'><em>commata</em></span> <span class='ocrx_word' id='word_1_453' title='bbox 825 2178 831 2185; x_wconf 87' lang='lat'><strong>.</strong></span> <span class='ocrx_word' id='word_1_454' title='bbox 854 2154 916 2186; x_wconf 86' lang='lat' dir='ltr'><em>hoc</em></span> <span class='ocrx_word' id='word_1_455' title='bbox 940 2154 1069 2196; x_wconf 88' lang='lat' dir='ltr'><em>quidem</em></span> <span class='ocrx_word' id='word_1_456' title='bbox 1093 2155 1179 2196; x_wconf 82' lang='lat' dir='ltr'><em>apud</em></span> <span class='ocrx_word' id='word_1_457' title='bbox 1203 2158 1347 2186; x_wconf 82' lang='lat' dir='ltr'><em>oratores</em></span> <span class='ocrx_word' id='word_1_458' title='bbox 1369 2155 1556 2186; x_wconf 87' lang='lat' dir='ltr'><em>indifferens</em></span> <span class='ocrx_word' id='word_1_459' title='bbox 1579 2157 1641 2192; x_wconf 80' lang='lat' dir='ltr'><em>est3</em></span> <span class='ocrx_word' id='word_1_460' title='bbox 1672 2154 1759 2196; x_wconf 81' lang='lat' dir='ltr'><em>apud</em></span> <span class='ocrx_word' id='word_1_461' title='bbox 1781 2156 1896 2195; x_wconf 81' lang='lat' dir='ltr'><em>poetas</em></span> 
     </span>
     <span class='ocr_line' id='line_1_40' title="bbox 249 2202 1897 2247; baseline 0.003 -16"><span class='ocrx_word' id='word_1_462' title='bbox 249 2204 357 2232; x_wconf 85' lang='lat' dir='ltr'><em>autem</em></span> <span class='ocrx_word' id='word_1_463' title='bbox 395 2202 530 2233; x_wconf 80' lang='lat' dir='ltr'><em>multum</em></span> <span class='ocrx_word' id='word_1_464' title='bbox 566 2204 698 2236; x_wconf 75' lang='lat' dir='ltr'><em>interest</em></span> <span class='ocrx_word' id='word_1_465' title='bbox 732 2206 814 2237; x_wconf 85' lang='lat' dir='ltr'><em>inter</em></span> <span class='ocrx_word' id='word_1_466' title='bbox 848 2206 940 2237; x_wconf 88' lang='lat' dir='ltr'><em>colon</em></span> <span class='ocrx_word' id='word_1_467' title='bbox 975 2209 1007 2237; x_wconf 81' lang='lat' dir='ltr'><em>et</em></span> <span class='ocrx_word' id='word_1_468' title='bbox 1035 2216 1160 2237; x_wconf 81' lang='lat' dir='ltr'><em>comma</em></span> <span class='ocrx_word' id='word_1_469' title='bbox 1185 2230 1192 2237; x_wconf 92' lang='lat'><strong>.</strong></span> <span class='ocrx_word' id='word_1_470' title='bbox 1216 2217 1292 2237; x_wconf 85' lang='lat' dir='ltr'><em>nam</em></span> <span class='ocrx_word' id='word_1_471' title='bbox 1320 2206 1375 2237; x_wconf 93' lang='lat' dir='ltr'><em>ubi</em></span> <span class='ocrx_word' id='word_1_472' title='bbox 1406 2210 1479 2247; x_wconf 86' lang='lat' dir='ltr'><em>post</em></span> <span class='ocrx_word' id='word_1_473' title='bbox 1507 2206 1588 2237; x_wconf 89' lang='lat' dir='ltr'><em>duos</em></span> <span class='ocrx_word' id='word_1_474' title='bbox 1617 2206 1718 2247; x_wconf 88' lang='lat' dir='ltr'><em>pedes</em></span> <span class='ocrx_word' id='word_1_475' title='bbox 1751 2207 1897 2246; x_wconf 74' lang='lat' dir='ltr'><em>superest</em></span> 
     </span>
     <span class='ocr_line' id='line_1_41' title="bbox 248 2252 1895 2298; baseline 0.003 -16"><span class='ocrx_word' id='word_1_476' title='bbox 248 2252 380 2293; x_wconf 78' lang='lat' dir='ltr'><em>syllaba,</em></span> <span class='ocrx_word' id='word_1_477' title='bbox 407 2263 534 2285; x_wconf 86' lang='lat' dir='ltr'><em>comma</em></span> <span class='ocrx_word' id='word_1_478' title='bbox 558 2258 619 2291; x_wconf 84' lang='lat' dir='ltr'><em>est;</em></span> <span class='ocrx_word' id='word_1_479' title='bbox 643 2256 697 2287; x_wconf 86' lang='lat' dir='ltr'><em>ubi</em></span> <span class='ocrx_word' id='word_1_480' title='bbox 721 2260 793 2297; x_wconf 81' lang='lat' dir='ltr'><em>post</em></span> <span class='ocrx_word' id='word_1_481' title='bbox 816 2256 897 2288; x_wconf 85' lang='lat' dir='ltr'><em>duos</em></span> <span class='ocrx_word' id='word_1_482' title='bbox 919 2257 1022 2298; x_wconf 85' lang='lat' dir='ltr'><em>pedes</em></span> <span class='ocrx_word' id='word_1_483' title='bbox 1045 2257 1133 2297; x_wconf 90' lang='lat' dir='ltr'><em>nihil,</em></span> <span class='ocrx_word' id='word_1_484' title='bbox 1158 2257 1250 2288; x_wconf 87' lang='lat' dir='ltr'><em>colon</em></span> <span class='ocrx_word' id='word_1_485' title='bbox 1275 2261 1336 2288; x_wconf 85' lang='lat' dir='ltr'><em>est:</em></span> <span class='ocrx_word' id='word_1_486' title='bbox 1361 2260 1397 2288; x_wconf 81' lang='lat' dir='ltr'><em>ut</em></span> <span class='ocrx_word' id='word_1_487' title='bbox 1419 2259 1497 2298; x_wconf 80' lang='lat' dir='ltr'><em>puta</em></span> <span class='ocrx_word' id='word_1_488' title='bbox 1512 2267 1602 2288; x_wconf 85' lang='lat' dir='ltr'><em>arma</em></span> <span class='ocrx_word' id='word_1_489' title='bbox 1617 2258 1784 2298; x_wconf 82' lang='lat' dir='ltr'><em>virumque</em></span> <span class='ocrx_word' id='word_1_490' title='bbox 1801 2267 1895 2293; x_wconf 85' lang='lat' dir='ltr'><em>cano;</em></span> 
     </span>
     <span class='ocr_line' id='line_1_42' title="bbox 249 2303 1896 2349; baseline 0.004 -16"><span class='ocrx_word' id='word_1_491' title='bbox 249 2328 254 2334; x_wconf 88' lang='lat'>.</span> <span class='ocrx_word' id='word_1_492' title='bbox 274 2329 279 2334; x_wconf 91' lang='lat'><em>.</em></span> <span class='ocrx_word' id='word_1_493' title='bbox 305 2303 338 2334; x_wconf 84' lang='lat' dir='ltr'><em>Si</em></span> <span class='ocrx_word' id='word_1_494' title='bbox 363 2304 449 2335; x_wconf 78' lang='lat' dir='ltr'><em>dicas</em></span> <span class='ocrx_word' id='word_1_495' title='bbox 473 2304 592 2346; x_wconf 72' lang='lat' dir='ltr'><em>‘Tityre</em></span> <span class='ocrx_word' id='word_1_496' title='bbox 618 2308 779 2348; x_wconf 68' lang='lat' dir='ltr'><em>maxime’,</em></span> <span class='ocrx_word' id='word_1_497' title='bbox 803 2308 913 2349; x_wconf 81' lang='lat' dir='ltr'><em>Tityre</em></span> <span class='ocrx_word' id='word_1_498' title='bbox 937 2309 1076 2340; x_wconf 85' lang='lat' dir='ltr'><em>maxime</em></span> <span class='ocrx_word' id='word_1_499' title='bbox 1101 2308 1164 2339; x_wconf 90' lang='lat' dir='ltr'><em>duo</em></span> <span class='ocrx_word' id='word_1_500' title='bbox 1189 2312 1262 2340; x_wconf 82' lang='lat' dir='ltr'><em>sunt</em></span> <span class='ocrx_word' id='word_1_501' title='bbox 1285 2308 1417 2349; x_wconf 73' lang='lat' dir='ltr'><em>dactyli,</em></span> <span class='ocrx_word' id='word_1_502' title='bbox 1447 2318 1523 2339; x_wconf 85' lang='lat' dir='ltr'><em>ecce</em></span> <span class='ocrx_word' id='word_1_503' title='bbox 1546 2308 1624 2339; x_wconf 85' lang='lat' dir='ltr'><em>nihil</em></span> <span class='ocrx_word' id='word_1_504' title='bbox 1647 2311 1807 2349; x_wconf 81' lang='lat' dir='ltr'><em>superest,</em></span> <span class='ocrx_word' id='word_1_505' title='bbox 1838 2308 1896 2340; x_wconf 89' lang='lat' dir='ltr'><em>sed</em></span> 
     </span>
     <span class='ocr_line' id='line_1_43' title="bbox 248 2354 1896 2401; baseline 0.004 -17"><span class='ocrx_word' id='word_1_506' title='bbox 248 2355 307 2396; x_wconf 81' lang='lat' dir='ltr'><em>ipsi</em></span> <span class='ocrx_word' id='word_1_507' title='bbox 332 2354 432 2395; x_wconf 81' lang='lat' dir='ltr'><em>podes</em></span> <span class='ocrx_word' id='word_1_508' title='bbox 456 2356 566 2387; x_wconf 84' lang='lat' dir='ltr'><em>finiunt</em></span> <span class='ocrx_word' id='word_1_509' title='bbox 589 2358 690 2398; x_wconf 82' lang='lat' dir='ltr'><em>ipsam</em></span> <span class='ocrx_word' id='word_1_510' title='bbox 715 2359 943 2400; x_wconf 79' lang='lat' dir='ltr'><em>elocutionem,</em></span> <span class='ocrx_word' id='word_1_511' title='bbox 973 2370 1054 2401; x_wconf 85' lang='lat' dir='ltr'><em>quae</em></span> <span class='ocrx_word' id='word_1_512' title='bbox 1082 2359 1264 2401; x_wconf 78' lang='lat' dir='ltr'><em>appellatur</em></span> <span class='ocrx_word' id='word_1_513' title='bbox 1286 2359 1401 2391; x_wconf 63' lang='lat' dir='ltr'><em>colon?</em></span> <span class='ocrx_word' id='word_1_514' title='bbox 1445 2359 1536 2390; x_wconf 82' lang='lat' dir='ltr'><em>Idem</em></span> <span class='ocrx_word' id='word_1_515' title='bbox 1559 2362 1691 2400; x_wconf 84' lang='lat' dir='ltr'><em>apparet</em></span> <span class='ocrx_word' id='word_1_516' title='bbox 1711 2355 1809 2390; x_wconf 81' lang='lat' dir='ltr'><em>altero</em></span> <span class='ocrx_word' id='word_1_517' title='bbox 1832 2360 1896 2390; x_wconf 85' lang='lat' dir='ltr'><em>loeo</em></span> 
     </span>
     <span class='ocr_line' id='line_1_44' title="bbox 240 2406 1894 2453; baseline 0.004 -18"><span class='ocrx_word' id='word_1_518' title='bbox 240 2416 275 2444; x_wconf 83' lang='lat' dir='ltr'><em>p.</em></span> <span class='ocrx_word' id='word_1_519' title='bbox 292 2406 363 2443; x_wconf 77' lang='lat'><em>278,</em></span> <span class='ocrx_word' id='word_1_520' title='bbox 382 2408 411 2444; x_wconf 75' lang='lat' dir='ltr'><em>o,</em></span> <span class='ocrx_word' id='word_1_521' title='bbox 435 2407 488 2437; x_wconf 86' lang='lat' dir='ltr'><em>ubi</em></span> <span class='ocrx_word' id='word_1_522' title='bbox 511 2409 546 2438; x_wconf 79' lang='lat' dir='ltr'><em>de</em></span> <span class='ocrx_word' id='word_1_523' title='bbox 569 2410 750 2449; x_wconf 68' lang='lat' dir='ltr'><em>pyrrhichio</em></span> <span class='ocrx_word' id='word_1_524' title='bbox 773 2413 801 2441; x_wconf 89' lang='lat' dir='ltr'><em>et</em></span> <span class='ocrx_word' id='word_1_525' title='bbox 823 2411 924 2442; x_wconf 87' lang='lat' dir='ltr'><em>iambo</em></span> <span class='ocrx_word' id='word_1_526' title='bbox 948 2411 1039 2442; x_wconf 83' lang='lat' dir='ltr'><em>dicit:</em></span> <span class='ocrx_word' id='word_1_527' title='bbox 1066 2410 1100 2443; x_wconf 85' lang='lat' dir='ltr'><em>Si</em></span> <span class='ocrx_word' id='word_1_528' title='bbox 1123 2411 1290 2452; x_wconf 80' lang='lat' dir='ltr'><em>praedicta</em></span> <span class='ocrx_word' id='word_1_529' title='bbox 1312 2411 1573 2453; x_wconf 80' lang='lat' dir='ltr'><em>coniugationum</em></span> <span class='ocrx_word' id='word_1_530' title='bbox 1596 2411 1695 2442; x_wconf 82' lang='lat' dir='ltr'><em>verba</em></span> <span class='ocrx_word' id='word_1_531' title='bbox 1718 2412 1754 2450; x_wconf 88' lang='lat' dir='ltr'><em>(i.</em></span> <span class='ocrx_word' id='word_1_532' title='bbox 1772 2422 1795 2442; x_wconf 91' lang='lat' dir='ltr'><em>c.</em></span> <span class='ocrx_word' id='word_1_533' title='bbox 1820 2422 1894 2453; x_wconf 87' lang='lat' dir='ltr'><em>pyr-</em></span> 
     </span>
     <span class='ocr_line' id='line_1_45' title="bbox 248 2457 1893 2505; baseline 0.005 -18"><span class='ocrx_word' id='word_1_534' title='bbox 248 2457 385 2488; x_wconf 86' lang='lat' dir='ltr'><em>rhichius</em></span> <span class='ocrx_word' id='word_1_535' title='bbox 403 2461 435 2489; x_wconf 79' lang='lat' dir='ltr'><em>et</em></span> <span class='ocrx_word' id='word_1_536' title='bbox 452 2459 589 2499; x_wconf 83' lang='lat' dir='ltr'><em>iambus)</em></span> <span class='ocrx_word' id='word_1_537' title='bbox 613 2461 680 2493; x_wconf 87' lang='lat' dir='ltr'><em>sine</em></span> <span class='ocrx_word' id='word_1_538' title='bbox 697 2466 849 2493; x_wconf 82' lang='lat' dir='ltr'><em>contextu</em></span> <span class='ocrx_word' id='word_1_539' title='bbox 866 2463 1004 2503; x_wconf 85' lang='lat' dir='ltr'><em>partium</em></span> <span class='ocrx_word' id='word_1_540' title='bbox 1023 2464 1174 2494; x_wconf 78' lang='lat' dir='ltr'><em>orationis</em></span> <span class='ocrx_word' id='word_1_541' title='bbox 1190 2466 1222 2495; x_wconf 78' lang='lat' dir='ltr'><em>et</em></span> <span class='ocrx_word' id='word_1_542' title='bbox 1240 2463 1362 2504; x_wconf 84' lang='lat' dir='ltr'><em>absque</em></span> <span class='ocrx_word' id='word_1_543' title='bbox 1379 2466 1554 2494; x_wconf 84' lang='lat' dir='ltr'><em>metrorum</em></span> <span class='ocrx_word' id='word_1_544' title='bbox 1570 2462 1802 2495; x_wconf 81' lang='lat' dir='ltr'><em>versificatione</em></span> <span class='ocrx_word' id='word_1_545' title='bbox 1818 2473 1893 2505; x_wconf 89' lang='lat' dir='ltr'><em>pro-</em></span> 
     </span>
     <span class='ocr_line' id='line_1_46' title="bbox 248 2508 1895 2556; baseline 0.005 -18"><span class='ocrx_word' id='word_1_546' title='bbox 248 2508 399 2548; x_wconf 82' lang='lat' dir='ltr'><em>feruntur,</em></span> <span class='ocrx_word' id='word_1_547' title='bbox 420 2510 592 2550; x_wconf 69' lang='lat' dir='ltr'><em>pyrrhichii</em></span> <span class='ocrx_word' id='word_1_548' title='bbox 613 2516 667 2543; x_wconf 81' lang='lat' dir='ltr'><em>aut</em></span> <span class='ocrx_word' id='word_1_549' title='bbox 687 2513 784 2545; x_wconf 81' lang='lat' dir='ltr'><em>iambi</em></span> <span class='ocrx_word' id='word_1_550' title='bbox 800 2514 919 2555; x_wconf 85' lang='lat' dir='ltr'><em>regulis</em></span> <span class='ocrx_word' id='word_1_551' title='bbox 935 2515 1171 2556; x_wconf 83' lang='lat' dir='ltr'><em>mancipantur;</em></span> <span class='ocrx_word' id='word_1_552' title='bbox 1196 2514 1282 2556; x_wconf 91' lang='lat' dir='ltr'><em>quod</em></span> <span class='ocrx_word' id='word_1_553' title='bbox 1298 2515 1324 2545; x_wconf 88' lang='lat' dir='ltr'><em>si</em></span> <span class='ocrx_word' id='word_1_554' title='bbox 1340 2515 1372 2546; x_wconf 92' lang='lat' dir='ltr'><em>in</em></span> <span class='ocrx_word' id='word_1_555' title='bbox 1389 2514 1546 2555; x_wconf 82' lang='lat' dir='ltr'><em>dactylico</em></span> <span class='ocrx_word' id='word_1_556' title='bbox 1562 2515 1703 2546; x_wconf 82' lang='lat' dir='ltr'><em>carmine</em></span> <span class='ocrx_word' id='word_1_557' title='bbox 1720 2515 1895 2546; x_wconf 79' lang='lat' dir='ltr'><em>scandendi</em></span> 
     </span>
     <span class='ocr_line' id='line_1_47' title="bbox 249 2561 1893 2608; baseline 0.005 -18"><span class='ocrx_word' id='word_1_558' title='bbox 249 2561 328 2591; x_wconf 77' lang='lat' dir='ltr'><em>ratio</em></span> <span class='ocrx_word' id='word_1_559' title='bbox 353 2564 386 2591; x_wconf 83' lang='lat' dir='ltr'><em>et</em></span> <span class='ocrx_word' id='word_1_560' title='bbox 410 2571 611 2594; x_wconf 81' lang='lat' dir='ltr'><em>caesurarum</em></span> <span class='ocrx_word' id='word_1_561' title='bbox 636 2564 749 2596; x_wconf 87' lang='lat' dir='ltr'><em>divisio</em></span> <span class='ocrx_word' id='word_1_562' title='bbox 773 2576 830 2606; x_wconf 82' lang='lat' dir='ltr'><em>per</em></span> <span class='ocrx_word' id='word_1_563' title='bbox 853 2566 924 2596; x_wconf 84' lang='lat' dir='ltr'><em>cola</em></span> <span class='ocrx_word' id='word_1_564' title='bbox 947 2569 980 2597; x_wconf 78' lang='lat' dir='ltr'><em>et</em></span> <span class='ocrx_word' id='word_1_565' title='bbox 1003 2569 1164 2598; x_wconf 83' lang='lat' dir='ltr'><em>commata</em></span> <span class='ocrx_word' id='word_1_566' title='bbox 1180 2570 1383 2608; x_wconf 80' lang='lat' dir='ltr'><em>sequestrare</em></span> <span class='ocrx_word' id='word_1_567' title='bbox 1403 2566 1624 2607; x_wconf 84' lang='lat' dir='ltr'><em>conpulerunt,</em></span> <span class='ocrx_word' id='word_1_568' title='bbox 1648 2566 1782 2607; x_wconf 87' lang='lat' dir='ltr'><em>spondei</em></span> <span class='ocrx_word' id='word_1_569' title='bbox 1801 2566 1893 2598; x_wconf 91' lang='lat' dir='ltr'><em>dum-</em></span> 
     </span>
     <span class='ocr_line' id='line_1_48' title="bbox 250 2612 1893 2658; baseline 0.005 -17"><span class='ocrx_word' id='word_1_570' title='bbox 250 2615 337 2642; x_wconf 79' lang='lat' dir='ltr'><em>taxat</em></span> <span class='ocrx_word' id='word_1_571' title='bbox 361 2616 415 2642; x_wconf 86' lang='lat' dir='ltr'><em>aut</em></span> <span class='ocrx_word' id='word_1_572' title='bbox 440 2612 558 2653; x_wconf 80' lang='lat' dir='ltr'><em>dactyli</em></span> <span class='ocrx_word' id='word_1_573' title='bbox 584 2615 706 2655; x_wconf 84' lang='lat' dir='ltr'><em>legibus</em></span> <span class='ocrx_word' id='word_1_574' title='bbox 725 2616 949 2658; x_wconf 75' lang='lat' dir='ltr'><em>subiugantur:</em></span> <span class='ocrx_word' id='word_1_575' title='bbox 970 2627 1030 2656; x_wconf 85' lang='lat' dir='ltr'><em>per</em></span> <span class='ocrx_word' id='word_1_576' title='bbox 1048 2618 1116 2649; x_wconf 84' lang='lat' dir='ltr'><em>cola</em></span> <span class='ocrx_word' id='word_1_577' title='bbox 1134 2618 1232 2658; x_wconf 71' lang='lat' dir='ltr'><em>iyitur</em></span> <span class='ocrx_word' id='word_1_578' title='bbox 1250 2618 1415 2649; x_wconf 84' lang='lat' dir='ltr'><em>scanditur</em></span> <span class='ocrx_word' id='word_1_579' title='bbox 1433 2618 1567 2657; x_wconf 72' lang='lat' dir='ltr'><em>sinyulis</em></span> <span class='ocrx_word' id='word_1_580' title='bbox 1579 2617 1716 2656; x_wconf 84' lang='lat' dir='ltr'><em>pedibus</em></span> <span class='ocrx_word' id='word_1_581' title='bbox 1733 2618 1893 2656; x_wconf 81' lang='lat' dir='ltr'><em>absolutis,</em></span> 
     </span>
     <span class='ocr_line' id='line_1_49' title="bbox 246 2667 1894 2708; baseline 0.005 -17"><span class='ocrx_word' id='word_1_582' title='bbox 246 2672 302 2700; x_wconf 84' lang='lat' dir='ltr'><em>per</em></span> <span class='ocrx_word' id='word_1_583' title='bbox 331 2667 481 2694; x_wconf 79' lang='lat' dir='ltr'><em>cmnmata</em></span> <span class='ocrx_word' id='word_1_584' title='bbox 505 2675 653 2696; x_wconf 62' lang='lat' dir='ltr'><em>carsurae</em></span> <span class='ocrx_word' id='word_1_585' title='bbox 674 2668 928 2705; x_wconf 70' lang='lat' dir='ltr'><em>penthemimeris</em></span> <span class='ocrx_word' id='word_1_586' title='bbox 949 2672 977 2699; x_wconf 87' lang='lat' dir='ltr'><em>ct</em></span> <span class='ocrx_word' id='word_1_587' title='bbox 999 2669 1271 2708; x_wconf 76' lang='lat' dir='ltr'><em>lieplitliemimeris</em></span> <span class='ocrx_word' id='word_1_588' title='bbox 1293 2671 1456 2707; x_wconf 78' lang='lat' dir='ltr'><em>notantur,</em></span> <span class='ocrx_word' id='word_1_589' title='bbox 1486 2669 1534 2700; x_wconf 90' lang='lat' dir='ltr'><em>ita</em></span> <span class='ocrx_word' id='word_1_590' title='bbox 1556 2671 1592 2700; x_wconf 86' lang='lat' dir='ltr'><em>ut</em></span> <span class='ocrx_word' id='word_1_591' title='bbox 1611 2672 1682 2708; x_wconf 85' lang='lat' dir='ltr'><em>post</em></span> <span class='ocrx_word' id='word_1_592' title='bbox 1698 2669 1794 2708; x_wconf 86' lang='lat' dir='ltr'><em>pedes</em></span> <span class='ocrx_word' id='word_1_593' title='bbox 1816 2669 1894 2700; x_wconf 88' lang='lat' dir='ltr'><em>duos</em></span> 
     </span>
     <span class='ocr_line' id='line_1_50' title="bbox 246 2713 1894 2761; baseline 0.004 -17"><span class='ocrx_word' id='word_1_594' title='bbox 246 2713 294 2744; x_wconf 83' lang='lat' dir='ltr'><em>vel</em></span> <span class='ocrx_word' id='word_1_595' title='bbox 316 2716 378 2744; x_wconf 80' lang='lat' dir='ltr'><em>tres</em></span> <span class='ocrx_word' id='word_1_596' title='bbox 401 2725 464 2745; x_wconf 83' lang='lat' dir='ltr'><em>nna</em></span> <span class='ocrx_word' id='word_1_597' title='bbox 488 2715 608 2755; x_wconf 72' lang='lat' dir='ltr'><em>syllaba</em></span> <span class='ocrx_word' id='word_1_598' title='bbox 630 2719 773 2756; x_wconf 75' lang='lat' dir='ltr'><em>supersit.</em></span> <span class='ocrx_word' id='word_1_599' title='bbox 818 2720 919 2758; x_wconf 68' lang='lat' dir='ltr'><em>Quam</em></span> <span class='ocrx_word' id='word_1_600' title='bbox 941 2720 1115 2751; x_wconf 80' lang='lat' dir='ltr'><em>doctrinam</em></span> <span class='ocrx_word' id='word_1_601' title='bbox 1139 2720 1274 2752; x_wconf 74' lang='lat' dir='ltr'><em>valuisse</em></span> <span class='ocrx_word' id='word_1_602' title='bbox 1297 2720 1384 2761; x_wconf 79' lang='lat' dir='ltr'><em>apud</em></span> <span class='ocrx_word' id='word_1_603' title='bbox 1405 2720 1641 2759; x_wconf 75' lang='lat' dir='ltr'><em>Anqlosaxones</em></span> <span class='ocrx_word' id='word_1_604' title='bbox 1663 2721 1894 2753; x_wconf 76' lang='lat' dir='ltr'><em>demonstratur</em></span> 
     </span>
     <span class='ocr_line' id='line_1_51' title="bbox 246 2765 1893 2812; baseline 0.004 -17"><span class='ocrx_word' id='word_1_605' title='bbox 246 2765 303 2801; x_wconf 84' lang='lat' dir='ltr'><em>eis,</em></span> <span class='ocrx_word' id='word_1_606' title='bbox 335 2776 413 2804; x_wconf 78' lang='lat' dir='ltr'><em>quae</em></span> <span class='ocrx_word' id='word_1_607' title='bbox 438 2766 529 2797; x_wconf 82' lang='lat' dir='ltr'><em>Beda</em></span> <span class='ocrx_word' id='word_1_608' title='bbox 554 2768 585 2797; x_wconf 84' lang='lat' dir='ltr'><em>in</em></span> <span class='ocrx_word' id='word_1_609' title='bbox 610 2769 689 2798; x_wconf 83' lang='lat' dir='ltr'><em>Arte</em></span> <span class='ocrx_word' id='word_1_610' title='bbox 716 2770 843 2800; x_wconf 81' lang='lat' dir='ltr'><em>metrica</em></span> <span class='ocrx_word' id='word_1_611' title='bbox 869 2771 1028 2809; x_wconf 86' lang='lat' dir='ltr'><em>(Gramm.</em></span> <span class='ocrx_word' id='word_1_612' title='bbox 1054 2772 1124 2803; x_wconf 85' lang='lat' dir='ltr'><em>Lat.</em></span> <span class='ocrx_word' id='word_1_613' title='bbox 1146 2772 1214 2804; x_wconf 84' lang='lat' dir='ltr'><em>VII</em></span> <span class='ocrx_word' id='word_1_614' title='bbox 1229 2772 1291 2802; x_wconf 70' lang='lat'><em>120</em></span> <span class='ocrx_word' id='word_1_615' title='bbox 1301 2772 1360 2812; x_wconf 88' lang='lat' dir='ltr'><em>K.)</em></span> <span class='ocrx_word' id='word_1_616' title='bbox 1381 2772 1550 2812; x_wconf 86' lang='lat' dir='ltr'><em>praecipit.</em></span> <span class='ocrx_word' id='word_1_617' title='bbox 1596 2771 1654 2803; x_wconf 88' lang='lat' dir='ltr'><em>Nil</em></span> <span class='ocrx_word' id='word_1_618' title='bbox 1683 2771 1774 2803; x_wconf 77' lang='lat' dir='ltr'><em>atiud</em></span> <span class='ocrx_word' id='word_1_619' title='bbox 1795 2772 1893 2812; x_wconf 71' lang='lat' dir='ltr'><em>iqitur</em></span> 
     </span>
    </p>
   </div>
  </div>
 </body>
</html>
