2022 3057
652 106 702 134 DE
720 107 808 134 VITA
828 107 1015 135 ALDHELMl
1035 109 1080 136 ΕΤ
1100 109 1268 138 SCRIPTIS.
1708 115 1784 142 xvu

235 192 346 224 Etiam
369 203 408 224 ex
429 192 483 231 eis,
511 203 591 233 quae
613 194 854 234 anqlosaxmlice
876 195 1038 234 scripsisse
1055 194 1230 235 ferebatur,
1254 207 1351 228 mium
1375 202 1498 230 exstare
1519 201 1672 238 putabant
1695 212 1786 242 opus:

132 244 284 276 nimirum
300 243 421 276 Baleus
439 245 582 284 scripsit:
605 245 704 277 etiam
727 246 915 287 psalterium
938 247 1099 278 transtulit
1118 248 1148 279 in
1168 248 1309 289 linguam
1325 249 1618 291 Anglosaxonicam
1638 253 1786 292 multique

131 314 172 319 —-
193 297 228 326 ut
255 305 280 327 e.
296 306 326 335 9.
353 295 487 328 Carolus
510 296 732 336 spelmannus,
769 297 962 329 Psalterium
986 297 1122 330 Davidis
1151 299 1489 332 Latino-Saaemzicwn
1521 305 1618 340 velus,
1650 303 1787 335 Londini

132 347 217 378 1640
245 349 274 379 et
298 347 440 379 Thomas
462 347 692 380 Marescliellus
720 349 807 390 apud
837 349 892 380 Fr.
911 349 1059 387 Iunium,
1093 350 1233 390 Qualiter
1255 351 1296 385 N,
1318 352 1357 383 F.
1383 352 1453 383 Iesu
1481 353 1598 384 Christi
1627 356 1785 392 versiones,

130 398 306 431 Dordreclit
330 400 428 438 1605‚·
457 399 532 430 haee
554 409 672 431 mecum
703 401 943 432 communicavit
969 400 1011 433 K.
1031 401 1216 442 l'ls'ildliayen
1242 421 1276 425 —
1303 403 1356 434 hoc
1385 403 1445 434 sibi
1465 408 1704 442 persemoerunst
1735 407 1787 437 scd

130 451 274 490 quamvis
297 461 386 492 saepe
408 452 570 492 repetitum
594 451 643 489 sit,
669 452 837 483 translatio
860 453 919 484 illa
942 462 998 484 nec
1022 462 1155 492 usquam
1178 456 1300 493 reperta
1323 457 1368 485 est
1393 454 1446 495 (ef.
1472 456 1565 486 ctiam
1586 456 1707 496 ll'riglht
1730 457 1749 489 l.
1765 457 1784 488 I.

126 512 160 541 p.
177 502 256 540 222)
283 513 339 535 nec
367 503 402 534 in
425 502 587 535 Aldlielmi
615 503 856 543 aequaliumque
879 504 969 535 libris
993 505 1160 544 quiequam
1183 508 1335 537 servatum
1359 508 1416 544 est,
1445 517 1505 545 quo
1533 507 1577 538 ad
1597 518 1663 538 eam
1687 508 1787 539 addu-

130 563 239 585 camur
268 555 458 594 opinionem,
489 556 524 585 ut
553 554 613 586 tale
642 555 720 595 quid
749 565 817 586 eum
846 566 995 595 imiquam
1019 557 1214 596 temptavisse
1229 559 1386 596 putemus.
1436 558 1550 589 l·'eclire
1574 559 1694 589 ridetur
1715 559 1787 591 haec

129 606 260 638 traditio
289 605 333 638 ad
358 606 407 645 id,
436 606 519 647 quod
541 606 703 638 Lelandus
726 607 972 648 (Commentarii
1001 609 1038 639 de
1065 609 1268 648 scriptoribus
1290 609 1493 641 Britannicis
1517 636 1524 644 .
1541 635 1548 641 .
1572 610 1618 644 ed.
1642 611 1682 642 A.
1699 611 1786 647 Hali,

132 656 249 689 oxonii
272 658 366 697 1709,
390 658 415 690 I
430 658 505 699 100)
530 661 656 697 narrat,
680 659 794 690 vidisse
816 670 848 691 se
870 660 954 691 inter
978 660 1136 691 Aldlielmi
1157 660 1307 700 reliquias
1329 661 1490 692 Meilduni
1511 661 1648 693 Davidis
1664 664 1785 702 psalle-

128 709 212 740 rium
243 709 343 741 literis
366 710 539 743 Samonicis
567 710 774 751 lonyiusculis
803 712 969 751 scriptum.
1015 712 1168 744 Carmina
1190 715 1292 744 autem
1315 713 1561 753 anylosawom'ca
1583 715 1787 754 composuisse

128 761 328 794 Aldlielmum
343 762 400 804 (cf.
418 762 563 795 Willelm.
581 763 697 795 Mazm.
713 773 744 802 p.
756 765 820 794 336
833 763 892 804 H.)
911 765 1040 801 constat,
1063 764 1118 795 sed
1140 774 1184 802 ea,
1201 775 1390 804 quamquam
1407 764 1566 805 eolleqerat
1581 776 1617 796 ea
1632 766 1786 806 Alfi-edus

127 823 191 851 rex,
217 814 383 852 perierunt
405 814 521 848 omnia.
571 813 758 854 Cynewulsi,
787 825 867 854 quae
897 817 1036 853 exstant,
1066 817 1244 856 aenigmata
1268 817 1427 848 Alcllzelmi
1455 828 1518 848 esse
1544 819 1720 857 suspicatus
1742 821 1786 849 est

128 864 330 897 Wuelckerus
361 865 472 907 (Enql.
498 866 652 906 Lityeseli.
671 876 705 907 p.
722 868 797 905 34);
830 867 884 897 secl
913 866 987 898 haec
1019 867 1065 898 vel
1099 877 1132 898 eo
1168 868 1329 905 refutatur
1362 869 1554 907 coniectura,
1589 870 1670 908 quod
1700 871 1786 910 apud

131 915 351 957 Cynewulfum
374 918 509 950 imitatio
526 917 750 949 Aldlzelmiaua
776 918 948 956 invertitur,
971 928 1034 958 qua
1052 928 1115 949 mm
1136 919 1322 950 intellexisse
1343 919 1568 961 Cymwulsum,
1591 931 1670 961 quae
1687 923 1784 961 scrip·

127 968 204 999 serit
225 968 420 1008 Aldhelmus,
443 970 651 1010 colligendum
672 971 726 1001 est.

232 1019 368 1052 Servata
390 1021 490 1061 iyitur
512 1023 586 1052 suut
607 1021 675 1052 sola
691 1021 815 1052 Latina
830 1021 995 1052 Aldlielmi
1013 1022 1140 1062 scripta,
1163 1031 1219 1052 ‘nee
1237 1024 1339 1053 tamen
1358 1023 1472 1054 omnia.
1511 1022 1595 1054 Nam·
1615 1024 1785 1062 perierunt,

125 1081 201 1111 quos
220 1071 397 1104 Willelmus
413 1083 449 1112 p.
467 1073 532 1103 344
548 1072 591 1103 Η.
614 1083 684 1104 eum
707 1073 870 1112 scripsisse
893 1073 992 1104 tradit
1015 1082 1190 1114 sermones,
1218 1083 1293 1113 quos
1316 1075 1411 1105 etiam
1431 1074 1578 1106 Cellanus
1600 1075 1633 1105 iu
1656 1075 1784 1114 epistola

126 1132 186 1154 sua
215 1126 443 1162 commemorat,
474 1125 533 1164 qui
556 1125 637 1166 petit
665 1124 705 1156 ab
734 1135 781 1162 eo,
812 1127 848 1156 ut
864 1134 990 1166 paucos
1013 1125 1209 1156 transmittat
1230 1125 1291 1156 sibi
1314 1126 1546 1166 sermunculos,
1576 1129 1604 1157 et
1620 1127 1785 1166 perierunt

125 1175 271 1206 carmina
293 1175 477 1216 rhythmica,
501 1175 611 1216 qualia
635 1177 847 1217 composuisse
869 1187 938 1207 eum
962 1186 1001 1207 ece
1022 1176 1158 1216 epistula
1173 1176 1261 1208 Lulli
1283 1176 1325 1207 acl
1347 1176 1550 1208 Dealwinum
1565 1178 1663 1217 (ΜΘ.
1681 1178 1784 1220 Epist.

125 1226 150 1257 I
159 1227 230 1265 338,
247 1228 304 1264 24)
324 1228 545 1268 comperimus:
562 1238 670 1268 pauca
687 1228 842 1268 quaedam
857 1228 1027 1269 rhythmice
1045 1228 1084 1259 ab
1099 1238 1132 1260 eo
1155 1229 1272 1269 scripta
1294 1228 1337 1259 acl
1359 1238 1416 1260 nos
1440 1230 1473 1259 in
1487 1239 1583 1270 prosa
1604 1229 1641 1260 (le
1656 1230 1785 1269 viryini-

125 1280 188 1309 tate
211 1279 250 1318 (c.
271 1278 347 1311 VII.
372 1278 514 1320 XXIII)
537 1282 566 1311 et
590 1280 624 1310 in
647 1279 759 1311 charta
783 1279 849 1312 III
862 1282 1093 1319 pervenerunt;
1121 1290 1159 1311 ex
1181 1280 1226 1311 eis
1247 1281 1349 1310 autem
1373 1281 1579 1319 carminibus,
1606 1291 1684 1320 quae
1706 1280 1784 1312 Ald-

124 1329 217 1361 helmi
232 1331 356 1362 nomine
371 1332 531 1369 feruntur,
547 1331 672 1363 nullum
688 1341 754 1363 esse
765 1331 928 1363 Aldlielmi
943 1333 977 1363 in
989 1331 1081 1371 proli.
1090 1342 1125 1371 p.
1138 1331 1199 1362 521
1211 1332 1428 1363 demonstravi.
1453 1332 1563 1363 Etiam
1578 1333 1783 1371 epistularum

119 1384 246 1420 partem
269 1384 395 1414 tantum
417 1383 566 1414 habemus
586 1386 758 1421 servatam,·
783 1394 861 1423 quae
880 1383 1105 1415 Malmesburii
1123 1383 1196 1414 olim
1214 1383 1353 1414 collectae
1368 1384 1486 1422 partim
1505 1383 1785 1415 in'Vindoboneizsi

125 1433 188 1464 751
207 1444 288 1465 saec.
305 1434 359 1466 IX
374 1434 431 1477 (ef.
450 1435 493 1467 E.
512 1435 701 1474 Duemmler,
717 1436 801 1468 MG.
818 1435 921 1475 Epist.
939 1436 961 1467 Ι
976 1437 1040 1466 219
1050 1437 1131 1475 sqq.)
1152 1445 1238 1466 nunc
1260 1437 1396 1473 exstant,
1415 1436 1537 1476 partim
1559 1436 1644 1475 apud
1666 1435 1784 1467 Willcl-

124 1495 210 1516 mum
233 1486 384 1523 traditae,
411 1488 534 1528 partim
557 1488 729 1527 separative
753 1487 935 1528 divulyatae
957 1489 1047 1525 sunt‚·
1074 1487 1168 1518 etiam
1194 1488 1372 1527 fraymenta
1401 1487 1461 1517 (luo
1483 1487 1570 1527 apud
1595 1487 1784 1519 Willelmum

124 1536 278 1577 leyuntur,
303 1538 438 1570 alterum
457 1550 490 1578 p.
503 1539 568 1570 357
584 1539 628 1571 H.
645 1539 859 1580 (lectionibus
888 1539 1084 1581 frequenter,
1108 1538 1306 1570 orationibus
1328 1539 1484 1570 instanter
1507 1539 1722 1579 incumbebat,
1744 1543 1788 1579 ut,

95 1616 102 1622 .
127 1589 209 1620 sicut
230 1589 300 1631 ipse
323 1590 358 1621 in
373 1591 517 1632 quadam
540 1592 624 1633 epist
633 1591 686 1623 ola
702 1591 793 1632 dixit,
817 1590 944 1633 ‘legens
961 1591 1125 1622 dominum
1145 1591 1332 1632 loquentem
1356 1590 1491 1631 audiret,
1515 1601 1610 1622 orans
1626 1591 1788 1622 dominum

127 1640 381 1683 alloqueretur'),
411 1643 547 1674 alterum
566 1654 601 1684 p.
617 1643 685 1674 332
700 1642 743 1674 H.
768 1643 819 1683 (in
843 1643 980 1684 epistola
1003 1642 1044 1674 ad
1067 1642 1277 1674 Withfridum
1302 1645 1414 1683 aperte
1440 1653 1474 1673 se
1499 1643 1636 1684 priscam
1661 1647 1787 1684 protec-

127 1693 221 1724 tionis
244 1693 374 1735 galeam
399 1694 476 1726 dicit
498 1695 568 1726 vide
584 1705 618 1736 p.
636 1696 708 1733 479,
727 1695 770 1731 1).

228 1745 342 1785 Itaque
365 1756 429 1777 nou
452 1747 558 1778 omnia
581 1747 743 1785 habemus,
773 1756 854 1786 quae
880 1747 957 1785 pius
984 1746 1080 1777 abbas
1103 1764 1140 1768 —
1166 1756 1240 1776 uam
1264 1746 1297 1776 in⁴
1320 1745 1491 1776 abbatatus
1513 1748 1651 1785 tempora
1675 1745 1787 1781 omnia,

126 1806 205 1835 quae
227 1796 333 1836 edidit,
363 1801 439 1838 puto
468 1798 605 1830 incidere
632 1818 668 1821 —
695 1798 883 1838 composuit:
913 1800 989 1829 sunt
1016 1799 1120 1829 autem
1147 1797 1221 1828 haee
1245 1799 1376 1836 praeter
1398 1797 1553 1836 epistulas
1584 1799 1612 1827 et
1644 1796 1786 1827 carmina

124 1847 338 1888 ecclesiastica,
361 1860 442 1890 quae
465 1851 502 1881 in
519 1849 746 1890 proleyomenis
767 1850 876 1881 studui
899 1849 1061 1881 declarare
1083 1851 1111 1879 et
1133 1859 1190 1880 suo
1212 1849 1387 1880 adscribere
1415 1849 1552 1887 tempori,
1575 1847 1723 1887 Epistula
1745 1847 1787 1878 ad

125 1899 288 1932 Acii-cium
315 1904 343 1933 et
367 1901 472 1933 Prosa
502 1902 539 1933 de
561 1902 746 1941 viryinitate
773 1904 801 1932 et
823 1911 965 1939 carmem
993 1900 1029 1931 dc
1051 1900 1132 1931 hisce
1152 1901 1266 1939 paucis
1287 1900 1338 1931 hic
1362 1899 1586 1930 absolvendum
1608 1901 1662 1930 est.
1707 1898 1786 1938 Epi-

124 1952 242 1983 stulam
265 1952 309 1983 ad
323 1953 489 1984 Aeircium
505 1953 564 1994 (cf.
575 1963 611 1992 p.
632 1952 681 1984 VI
703 1952 808 1984 adnot.
824 1954 860 1992 2)
884 1953 957 1983 olim
974 1954 1047 1991 post
1070 1951 1163 1982 libros
1185 1951 1221 1982 de
1245 1952 1426 1991 viryinitate
1450 1950 1503 1991 (ef.
1521 1950 1707 1988 Festschrift
1730 1951 1787 1988 fiir

124 2003 239 2034 Albert
265 2014 325 2035 vim
347 2004 506 2045 Bambery
530 2015 562 2044 p.
578 2006 614 2045 2)
643 2004 806 2043 scripsisse
834 2003 1035 2035 Aldhelmzim
1064 2003 1242 2034 arbitratus
1269 2012 1355 2033 sum:
1388 2002 1493 2033 erravi
1520 2001 1658 2033 versibus·
1684 2003 1719 2032 <in
1748 2012 1785 2032 ea

124 2054 252 2086 insert-is
283 2055 442 2095 deceptus;
475 2066 559 2088 nime
591 2056 710 2087 rectius
744 2066 809 2087 rem
838 2055 1016 2096 percepisse
1047 2055 1125 2086 milii
1154 2054 1258 2085 videor
1286 2064 1341 2085 nec
1375 2054 1438 2084 iam
1470 2053 1677 2094 episcopatum
1706 2056 1785 2092 puto

126 2105 264 2137 indicari
287 2107 352 2139 loeo
371 2117 486 2147 prosae
509 2108 546 2139 de
568 2108 749 2148 viryinitate
771 2117 794 2139 c.
811 2107 854 2138 ΙΙ
873 2108 931 2147 (cf.
949 2117 1057 2147 proyr.
1083 2106 1175 2139 Goth.
1193 2106 1276 2136 1904
1293 2116 1328 2145 p.
1345 2106 1398 2145 2);
1434 2115 1509 2136 nam
1535 2105 1578 2135 ad
1603 2105 1785 2146 pontificale

128 2158 375 2191 conciliabulum
394 2160 558 2199 proficisci
575 2160 682 2201 potuit
704 2160 798 2190 etiam
820 2159 932 2194 abbas;
955 2159 1050 2190 abbas
1072 2161 1175 2189 autem
1198 2158 1227 2188 si
1249 2158 1309 2188 iter
1333 2157 1416 2188 illud
1438 2157 1522 2194 fecit,
1544 2157 1675 2194 facilius
1699 2156 1785 2188 intel-

124 2208 247 2249 liyitur‚
275 2210 360 2251 quod
386 2211 538 2243 fraternis
562 2211 721 2243 sodalium
745 2211 883 2242 catervis
906 2221 940 2242 se
966 2211 1153 2242 comitatum
1177 2220 1248 2241 esse
1275 2209 1366 2246 dicia·
1398 2208 1490 2244 adde,
1518 2208 1601 2248 quod
1628 2209 1719 2239 etiam
1750 2209 1785 2239 in

124 2261 261 2301 epistula
282 2262 326 2294 ad
349 2263 544 2295 Geruntium
567 2263 599 2294 in
627 2263 762 2295 concilio
789 2263 1014 2304 episcoporum
1043 2273 1063 2293 a
1090 2272 1122 2293 se
1143 2262 1279 2301 petitum
1306 2270 1370 2291 esse
1405 2262 1531 2297 narrat,
1562 2262 1596 2291 ul
1623 2259 1783 2299 epistulam

124 2313 287 2345 scriberet:
309 2316 374 2345 tum
398 2317 502 2347 autem
525 2325 594 2347 eum
617 2315 759 2347 abbatem
782 2315 882 2353 fuisse
904 2317 933 2346 et
955 2313 1101 2354 epistolae
1123 2313 1270 2345 allocutio
1291 2315 1320 2343 et
1337 2311 1427 2343 Beda
1444 2311 1563 2342 docent.
1606 2311 1694 2351 Quod
1718 2321 1784 2342 cero

125 2364 161 2395 in
184 2367 322 2397 tractatu
345 2367 472 2399 metrico
489 2377 524 2406 p.
541 2368 614 2404 203,
631 2368 652 2398 3
681 2366 883 2398 Difficillima
911 2366 1036 2397 sudoris
1067 2368 1100 2397 et
1128 2365 1245 2396 laboris
1272 2364 1428 2395 industria
1460 2364 1526 2395 acsi
1549 2363 1638 2404 gravi
1662 2363 1784 2393 sarcina

126 2426 316 2458 oppressum
337 2428 370 2449 se
392 2418 470 2450 dicit
491 2421 521 2450 et
547 2419 582 2449 in
605 2428 706 2458 prosa
735 2418 771 2449 (le
793 2418 974 2458 vir-qinitate
996 2428 1021 2448 c.
1039 2417 1127 2448 LIX
1154 2415 1324 2458 pastoralis
1348 2425 1448 2447 curae
1471 2416 1594 2446 sarcina
1616 2418 1783 2455 gravatum

125 2520 217 2546 torum
235 2528 320 2554 quam
339 2520 425 2547 etiam
446 2521 638 2556 spiritualium
655 2520 841 2548 ecclesiastici
856 2520 996 2556 dogmatis
1009 2519 1074 2546 stilo
1088 2519 1313 2547 elucubratorum
1335 2517 1507 2544 voluminum
1521 2516 1625 2550 scripta
1637 2516 1672 2548 cf.
1684 2516 1783 2541 Aethu-

124 2562 206 2589 waldi
223 2563 298 2596 epist.
313 2572 342 2597 p.
355 2567 413 2596 495,
427 2568 459 2590 8.·
481 2567 546 2590 sunt
564 2564 638 2597 lan-i,
659 2572 724 2597 quos
741 2564 814 2597 legit,
843 2572 898 2590 mm
915 2571 981 2597 quos
999 2563 1104 2596 scripsit
1122 2562 1281 2588 Aldlzelmns.
1319 2562 1347 2593 3)
1367 2561 1442 2587 bona
1467 2560 1546 2586 lance
1566 2561 1737 2586 constructos
1756 2579 1762 2584 .
1776 2578 1782 2583 .

125 2605 213 2632 fastos
231 2606 403 2633 diversorum
423 2606 520 2634 florum
539 2607 666 2642 depictos
683 2607 717 2639 cf.
735 2606 838 2633 Cellani
855 2607 926 2639 epist.
944 2615 972 2640 p.
987 2610 1046 2639 498,
1061 2610 1104 2632 11:
1122 2605 1202 2631 libros
1214 2604 1246 2630 de
1258 2605 1414 2637 i-irqim'tatc
1427 2604 1590 2636 conscriptos
1603 2600 1782 2634 inlelquendos

125 2655 179 2675 esse
191 2651 267 2682 pwto.
299 2650 327 2683 4)
347 2649 380 2677 de
394 2650 598 2677 schematibus:
619 2653 684 2677 sunt
694 2652 785 2684 partes
798 2652 931 2676 tractatus
944 2650 1045 2675 metrici
1062 2658 1088 2682 p.
1103 2652 1135 2675 83
1145 2656 1180 2681 sq.
1199 2648 1234 2680 cf.
1253 2655 1319 2680 quae
1339 2646 1471 2672 adnotari
1489 2645 1526 2671 ad
1542 2645 1667 2678 epitomen
1685 2643 1781 2669 codicis

130 2690 256 2718 Vossiani
270 2701 298 2726 p.
315 2695 374 2719 206.
412 2693 440 2726 5)
459 2693 505 2719 Ius
523 2701 684 2720 romanum.-
701 2693 759 2719 iuri
777 2701 882 2726 operam
900 2692 1002 2719 dedisse
1016 2691 1168 2718 Aldlzelmus
1186 2693 1284 2716 narrat
1302 2691 1331 2715 in
1350 2690 1426 2722 epist.
1445 2688 1482 2714 ad
1494 2687 1670 2714 Leutlurium.
1689 2685 1733 2711 scd
1749 2684 1780 2710 de

125 2741 155 2760 eo
172 2735 307 2768 scripsisse
323 2743 350 2761 se
367 2744 424 2762 non
442 2736 515 2763 dicit.

232 2789 375 2814 Λυσι-0335
394 2790 585 2818 Annqmssnn
603 2790 658 2815 XV.
1558 2790 1571 2807 ⁰
