2058 3062
254 153 345 179 XXIV
770 148 817 174 DE
835 147 924 174 VITA
942 146 1131 174 ALDHELMI
1150 145 1195 172 ET
1216 144 1385 171 SCRIPTIS.

251 242 284 271 p.
302 233 330 267 7,
347 230 412 270 19),
447 230 556 260 auctor
585 227 666 259 vitae
692 226 725 258 S.
745 226 834 258 Galli
862 227 905 266 (v.
926 225 990 255 239
1017 223 1114 255 Aldh.
1143 234 1170 254 v.
1188 223 1282 263 920),
1320 223 1432 253 auctor
1460 221 1614 253 carminis
1642 222 1678 253 in
1709 221 1743 254 S.
1764 221 1906 253 Paulum

256 281 364 322 (Aldh.
389 291 425 320 p.
441 281 515 321 20)‚·
545 278 759 310 nominandus
788 279 833 308 est
860 275 1022 308 Aldlielmi
1051 274 1210 306 studiosus
1239 273 1399 305 Alcuinus
1428 283 1547 313 quoque
1576 272 1686 313 (Aldh.
1713 283 1746 312 p.
1768 274 1817 314 8),
1850 273 1906 313 qui

256 334 352 364 ctiam
379 332 462 363 'inter
484 329 707 362 Euboricensis
737 327 933 359 bibliothecae
956 327 1049 359 libros
1072 326 1275 358 Aldbclmum
1304 324 1555 357 commemoravit
1575 335 1602 356 v.
1619 324 1704 355 1546
1727 324 1906 367 (Quidquid

257 387 289 416 et
312 383 496 415 Althelmus
519 381 651 423 docuit).
697 380 761 412 Sed
787 389 850 411 non
873 379 931 410 diu
953 378 1113 410 constabat
1133 377 1235 418 yloria
1259 376 1432 415 Aldhclmi,
1462 376 1553 407 euius
1580 376 1743 415 diliqentes
1766 375 1905 407 adseclae

253 436 349 467 etiam
371 436 396 466 ii
411 436 495 472 sunt,
518 434 572 474 qui
587 433 714 465 chartas
729 431 1020 463 Malmcsberienses
1035 430 1078 460 acl
1092 430 1259 461 dictionem
1274 428 1535 461 Aldhebmianam
1549 426 1754 466 rettulerunt;
1777 427 1906 458 evanuit

253 489 283 518 et
304 487 445 517 discussa
467 488 511 517 est
533 485 656 517 saeculo
680 484 813 515 decimo:
836 483 980 514 Hrotsvit
1002 483 1037 513 in
1058 484 1241 522 arqumento
1263 481 1407 521 quamvis
1428 480 1532 511 eodem
1554 489 1625 510 eum
1646 488 1709 510 non
1728 480 1773 510 est
1789 481 1904 510 secuta.

255 537 305 569 De
326 537 487 569 Alclhelmi
512 537 665 568 memoria
694 535 782 575 apud
804 537 944 576 posteros
970 536 1115 565 manente
1144 533 1279 564 videnda
1308 534 1383 564 sunt
1406 542 1455 570 ea,
1485 541 1566 571 quae
1587 530 1702 570 scripsi
1724 529 1906 561 Annalibus

257 589 360 629 reqiae
382 589 470 620 acad.
494 587 698 626 Erfurtensis
720 586 779 619 NS
800 586 967 617 XXXIII
983 585 1027 616 23
1037 595 1101 625 sqq.

355 639 481 680 Restat,
511 642 548 671 ut
566 649 675 679 pauca
697 637 815 669 addam
840 637 876 668 de
899 637 1094 668 carminibus
1116 646 1197 675 quae
1219 635 1379 667 Aldhelmi
1395 634 1595 676 putabantur
1616 633 1811 674 rhythmicis.
1857 632 1906 665 De

255 691 366 731 quibus
392 701 465 722 cum
492 691 558 730 ipse
580 691 708 730 egissem
724 699 759 728 p.
778 689 840 719 519
849 698 924 728 sqq,
956 688 1058 719 denuo
1080 687 1142 726 eqit
1164 687 1199 718 in
1221 686 1451 722 dissertatione,
1475 695 1555 725 quae
1577 695 1700 716 summa
1721 695 1791 716 cum
1813 684 1906 716 laude

255 742 452 774 nominanda
473 744 531 780 est,
566 740 747 773 Willielmus
769 739 879 779 Meyer
906 738 1068 778 Spirensis
1097 738 1133 769 in
1160 737 1296 768 Nuntiis
1317 736 1434 776 Reqiae
1462 737 1617 768 societatis
1649 736 1906 777 Gottinqensium

254 793 434 825 Phil-hist.
456 793 555 824 Class.
575 793 659 821 1916
677 801 710 829 p.
728 791 922 828 628—644;
944 799 1025 829 quae
1048 789 1093 820 ibi
1114 789 1227 820 statuit
1248 789 1298 819 vir
1320 788 1528 826 doctissimus,
1552 798 1588 819 ea
1606 788 1677 829 fere
1699 788 1806 820 omnia
1828 788 1905 819 reci-

250 845 369 884 pienda
391 847 466 875 sunt
475 844 509 885 ¹),
528 845 753 882 praeterquam
769 841 853 881 quod
867 841 1006 872 versibus
1022 839 1226 880 lonqiusculis
1241 840 1387 871 carmina
1402 840 1570 879 composita
1583 849 1646 870 esse
1661 839 1728 870 vult
1743 841 1771 871 et
1785 839 1905 871 Aethil-

256 895 351 927 waldi
373 895 474 926 locum
495 893 752 933 interpretatione
773 892 839 924 alia
858 892 1099 931 concipiendum
1115 891 1292 931 praecipit:
1314 901 1392 923 nam
1407 890 1615 923 Aethilwaldi
1629 891 1721 922 verba
1737 891 1812 922 Izaec
1823 890 1905 922 mihi

249 947 418 987 perspicua
440 946 586 977 videntur
608 947 636 976 ct
657 945 729 986 ipsa
751 943 995 975 Vindobonensis
1017 943 1134 975 codicis
1155 942 1318 984 dispositio
1340 941 1398 984 (cf.
1414 953 1450 982 p.
1469 942 1548 979 629)
1570 942 1694 973 videtur
1717 943 1828 973 vetare.

357 1059 381 1091 1)
407 1057 561 1084 wilhelmus
574 1057 672 1090 BIeyer,
691 1057 769 1082 caius
787 1064 857 1082 mors
870 1058 934 1089 post
951 1055 1062 1082 Traubiz'
1074 1055 1171 1081 obitum
1184 1054 1247 1081 haec
1259 1053 1349 1080 studia
1361 1057 1439 1087 atque
1452 1053 1501 1080 has
1514 1054 1618 1080 lit-teras
1628 1053 1782 1087 grauissime
1794 1053 1906 1086 afflixit,

254 1103 338 1127 censet
355 1100 490 1134 legendum
509 1107 573 1126 esse:
592 1100 608 1125 1
620 1104 636 1125 4
653 1099 850 1133 flagitantibus,
876 1103 890 1125 7
904 1099 1068 1133 pepigeram,
1092 1101 1109 1124 8
1126 1098 1240 1129 fueram,
1261 1101 1290 1123 12
1307 1097 1483 1131 graminibus,
1502 1101 1533 1123 16
1550 1105 1668 1129 camara,
1688 1099 1721 1123 18
1738 1096 1904 1128 mmmrchia,

254 1148 286 1170 69
303 1146 425 1170 caecatur
442 1143 472 1175 V,
492 1143 552 1177 [113
568 1142 723 1175 flaminibus
740 1142 785 1176 VJ,
804 1142 866 1176 [123
881 1145 962 1175 =qrata
978 1141 1024 1176 VJ,
1046 1144 1094 1168 138
1111 1140 1246 1174 prodi-qia,
1265 1144 1316 1167 139
1330 1140 1483 1174 precordia,
1500 1144 1547 1167 141
1566 1140 1679 1172 lumina,
1698 1144 1749 1166 144
1767 1142 1791 1165 et
1809 1141 1905 1172 tempo-

255 1186 337 1219 ribus,
358 1190 404 1212 149
422 1186 472 1212 Sic.
486 1186 521 1218 V,·
535 1185 571 1212 Π
582 1189 616 1211 46
637 1186 818 1218 abspernentes
835 1184 864 1218 V,
883 1189 915 1211 59
932 1185 1009 1211 rhitis
1029 1184 1058 1217 V,
1079 1188 1107 1210 75
1125 1186 1211 1210 essent
1228 1183 1257 1216 V,
1279 1187 1326 1210 105
1339 1183 1489 1217 perflorida
1506 1183 1536 1216 V,
1555 1181 1717 1216 disparabile
1736 1185 1795 1215 136,·
1813 1182 1867 1208 III
1876 1185 1905 1208 13

255 1237 298 1255 ore
315 1229 427 1255 halitum
445 1237 563 1262 corpore,
583 1232 615 1255 :24
634 1229 774 1260 solamina,
794 1232 824 1254 25
841 1228 1001 1260 sublimiter,·
1019 1227 1069 1253 IV
1078 1230 1110 1253 16
1128 1227 1239 1257 lamine,-
1263 1226 1331 1253 V24
1347 1227 1475 1260 qenetriee
1492 1229 1516 1252 et
1534 1226 1627 1259 editus,
1655 1230 1686 1253 25
1704 1228 1812 1252 statura
1831 1225 1905 1251 adest

258 1272 344 1305 ayilis.
