2022 3057
668 111 717 138 DE
736 110 825 138 VITA
844 111 1032 138 ALDHELMI
1052 111 1097 138 ΕΤ
1116 112 1285 140 SCRIPTIS.
1737 117 1800 143 XXX

145 197 264 230 helmus
286 197 378 229 dicit:
400 197 472 240 plus
494 198 635 240 pernix
659 197 788 240 aquilis,
813 198 969 240 Zephyris
994 198 1135 230 velocior
1157 199 1218 230 alis
1241 200 1287 230 ita
1309 201 1401 231 vertit
1427 201 1644 241 Cynciculsus:
1673 205 1701 236 ic
1724 207 1799 246 miig

146 249 310 282 fromlicor
331 249 462 292 fledgan
484 252 592 292 Penne
615 259 789 291 pernex,
812 260 851 281 ex
873 250 1005 289 epitheto
1030 249 1080 281 illo
1102 260 1213 282 nomen
1236 251 1325 282 alitis
1349 252 1413 290 ipse
1434 254 1565 293 sinqcns.

249 305 314 338 Sed
333 306 364 337 si
385 304 547 345 epistolam
564 305 607 336 ad
621 305 785 336 Acircium
802 306 993 345 praesertim
1011 305 1227 337 scholasticam
1247 307 1281 338 ob
1300 317 1429 338 causam
1449 308 1570 339 videtur
1590 312 1801 350 contposnissc,

144 357 181 388 in
210 357 303 389 libris
325 357 362 389 de
385 358 565 397 virginitale
587 357 715 396 scriptis
736 357 977 388 ecclesiasticum
1004 357 1051 388 vel
1080 357 1263 389 monachale
1285 359 1450 390 consilium
1473 363 1595 392 secutus
1617 365 1669 392 cst.
1716 362 1799 394 Nam

145 419 217 440 cum
239 409 274 440 in
295 409 360 440 vita
385 408 674 441 sanctimonialium
698 408 756 440 sub
780 409 925 451 regmine
949 409 1098 440 coenobii
1121 411 1378 442 conversantium
1400 413 1461 442 tam
1476 414 1606 451 propter
1623 414 1799 452 superbiam

145 470 241 500 quam
257 463 390 501 propter
413 460 578 492 luxuriam
601 459 701 491 multa
727 460 793 491 labi
815 462 843 491 et
866 459 1016 492 vacillare
1040 460 1169 498 videret,
1200 461 1321 493 ratione
1351 465 1380 493 εί
1409 462 1554 502 exemplis
1577 464 1621 495 eis
1643 474 1802 496 occurrere

145 514 174 543 et
197 511 451 544 sanctimoniales
475 512 521 543 ita
543 511 711 543 admonere
734 512 906 550 constituit,
929 514 966 542 ut
988 511 1099 542 menda
1122 511 1180 543 illa
1203 513 1447 552 corriycrentur;
1471 514 1507 545 cle
1530 515 1653 546 ratione
1675 516 1709 545 in
1728 526 1802 555 pro-

146 565 241 595 oemio
263 566 292 595 et
314 564 349 595 in
371 562 488 603 epiloyo
506 563 600 595 verba
615 563 705 604 fecit,
729 563 879 603 exempla,
903 563 1017 603 quibus
1038 563 1211 603 afferendis
1234 565 1368 596 maxime
1391 576 1513 605 operam
1534 566 1628 603 (ledit,
1653 568 1686 598 in
1706 568 1803 598 medio

139 616 257 655 posuit.
289 615 528 655 Aryumcntum,
552 615 636 655 quod
654 615 798 656 sumpsit,
821 615 887 646 iam
905 615 944 646 ab
968 614 1183 646 ecclesiasticis
1205 616 1411 655 scriptoribus
1433 618 1613 656 saepissime
1635 622 1703 649 erat
1722 621 1803 650 trac-

146 669 262 698 tatam:
291 667 488 706 scripserant
519 667 556 698 de
587 667 769 707 viryinitate
799 668 1002 707 Auyustinas
1033 667 1084 706 (cle
1114 670 1225 698 sancta
1256 668 1464 708 viryinilatc),
1497 668 1711 710 Hieronymus
1741 672 1802 710 (ep.

145 719 188 750 ad
210 718 418 750 Eustochium
441 720 470 750 et
492 719 645 750 adversus
664 718 896 760 Scrinianum)‚
923 718 1138 750 Tertullianus
1160 719 1213 759 (de
1237 719 1375 750 velandis
1397 721 1595 761 viryinibas),
1623 722 1804 762 Cyprianus

146 770 198 811 (de
214 770 326 802 habitu
344 771 528 812 viryinum),
550 770 740 802 Ambrosius
759 770 811 811 (dc
833 770 1010 811 viryinibus
1033 770 1077 802 acl
1091 770 1326 809 Mareellinam,
1350 770 1400 802 Dc
1421 772 1613 810 viminitate,
1638 772 1689 804 De
1713 774 1802 804 insli-

145 822 264 854 tutione
285 823 428 862 virqinis,
459 822 634 854 exhortatio
656 822 873 862 viiyinitatis),
897 822 1060 853 Arnobias
1083 822 1134 862 (de
1161 823 1372 865 viryinibus);
1401 823 1539 854 versibus
1561 834 1681 864 quoque
1703 843 1743 847 ——
1766 828 1802 856 ut

145 874 288 906 omittam
313 874 489 905 Damasum
506 883 643 915 papam,
673 884 764 913 quem
791 883 883 905 versa
901 883 1058 914 prosaque
1080 874 1117 905 (le
1140 874 1320 914 viryinitate
1343 875 1502 916 scripsisse
1526 875 1737 916 Hieronymus
1759 876 1803 907 ad

145 925 358 957 Eustochium
381 935 404 957 c.
421 926 464 957 22
487 928 601 957 narrat
625 944 665 948 —
696 925 872 957 Venantius
894 926 1094 957 Fortunatus
1123 928 1151 956 et
1173 925 1317 957 Alcimus
1339 927 1456 958 Avitus
1480 926 1587 958 laudes
1612 929 1803 967 riryinitatis

140 979 414 1018 propayaveranoe
436 977 473 1009 de
491 977 641 1008 vitiorum
659 979 764 1008 autem
784 979 812 1008 et
832 977 984 1008 virtutum
1003 977 1180 1015 certamine,
1204 977 1286 1016 quod
1305 978 1340 1008 in
1360 987 1454 1016 prosa
1474 978 1511 1009 de
1530 979 1709 1018 viryinilalc
1725 979 1803 1010 Ald-

144 1028 264 1061 helmus
286 1030 406 1069 attiyit,
438 1029 472 1060 in
494 1029 633 1060 carmine
656 1029 742 1060 omni
766 1039 910 1060 versuum
927 1039 1046 1070 pompa
1064 1030 1246 1070 prosecutus
1268 1031 1325 1066 est,
1357 1028 1553 1061 Prudentius
1576 1031 1610 1061 in
1633 1030 1710 1061 libro
1733 1030 1805 1062 cele-

145 1080 277 1112 berrimo
308 1081 346 1111 de
367 1080 612 1121 psychomachia
641 1081 740 1112 multo
769 1091 839 1112 cum
868 1080 1050 1120 aequalium
1073 1082 1332 1120 posterorumque
1357 1080 1476 1121 plausu
1506 1084 1624 1120 ecerat:
1653 1092 1722 1112 cum
1749 1082 1804 1113 hoc

144 1135 259 1170 autem,
283 1134 319 1163 ut
342 1131 377 1162 id
397 1131 448 1163 hic
470 1132 536 1163 iam
558 1131 727 1170 absolvam,
752 1133 881 1173 praeter
904 1131 1069 1164 consilium
1093 1132 1293 1163 tractationis
1315 1132 1398 1163 nihil
1419 1132 1509 1164 habet
1532 1143 1698 1165 commune.
1738 1134 1803 1165 Nec

145 1187 250 1216 tamen
272 1185 364 1215 tanta
385 1184 422 1215 in
444 1184 534 1223 eopia
556 1184 659 1215 ullius
681 1184 823 1215 auctoris
845 1184 892 1215 ita
908 1183 1089 1224 Anqlosaxo
1107 1183 1272 1223 amplexus
1287 1186 1332 1215 est
1348 1185 1382 1215 in
1392 1185 1549 1225 prooemio
1565 1195 1631 1226 cap.
1649 1185 1804 1217 I—XIX

145 1235 329 1275 exemplum,
357 1237 395 1266 ut
422 1235 462 1266 ab
484 1245 518 1267 eo
538 1235 677 1277 pendere
700 1246 769 1267 eum
785 1236 947 1275 possimus
969 1235 1078 1267 dicere.
1125 1236 1168 1267 In
1191 1235 1300 1266 multis
1325 1236 1457 1276 quidem,
1489 1247 1568 1275 qaae
1589 1238 1704 1277 notavi,
1734 1248 1803 1269 cam

145 1288 222 1320 aliis
244 1287 415 1319 consensit:
444 1287 481 1318 in
502 1287 555 1325 eis,
584 1297 664 1327 quae
694 1287 730 1318 de
756 1287 924 1329 flagitiosis
948 1290 1020 1319 octo
1044 1287 1194 1319 vitiorum
1217 1287 1379 1319 radicibus
1403 1287 1446 1318 ad
1471 1288 1660 1319 Cassianam
1683 1288 1802 1320 Blassi-

145 1340 281 1377 liensem,
306 1339 400 1371 cuius
419 1342 587 1380 praecepta
610 1341 676 1380 ipse
699 1339 735 1370 in
758 1340 894 1371 carmine
912 1339 1032 1379 poetice
1054 1338 1216 1377 dilatavit,
1237 1349 1274 1370 αε
1300 1338 1447 1379 Greyorii
1469 1339 1612 1370 Moralia
1635 1350 1727 1372 suam
1749 1351 1802 1372 cx—

141 1391 327 1431 positionem
355 1391 565 1430 eonformarit
593 1393 621 1422 et
642 1391 700 1422 sub
722 1391 817 1430 linem
837 1391 989 1430 prooemii
1011 1391 1092 1422 satis
1115 1390 1239 1430 lonyum
1264 1391 1376 1428 locum,
1405 1401 1494 1430 quem
1519 1391 1600 1422 unde
1623 1393 1804 1431 sumpsisset

144 1443 248 1475 adhuc
277 1443 405 1481 latebat,
441 1453 479 1474 ex
507 1442 662 1474 Passione
692 1442 726 1475 S.
751 1442 905 1474 Victoriae
940 1443 1159 1482 transcripsit;
1187 1442 1223 1473 in
1252 1443 1421 1474 certamine
1454 1444 1556 1473 autem
1585 1443 1738 1475 virtutum
1767 1454 1804 1475 ac

144 1496 294 1528 vitiorum
316 1506 355 1527 ne
378 1496 412 1527 in
435 1496 574 1527 carmine
597 1495 722 1535 quidem
745 1494 918 1526 Prudentii
936 1494 1177 1537 psychomachia
1200 1494 1244 1526 ad
1265 1493 1467 1525 Aldhelmum
1489 1494 1597 1526 valuit.

249 1551 311 1583 Sed
324 1552 399 1584 inde
414 1562 436 1582 a
450 1552 552 1592 capite
566 1551 758 1590 XX—LII,
781 1551 894 1592 quibus
909 1552 944 1582 in
959 1551 1118 1591 capitibus
1140 1551 1282 1592 exempla
1298 1551 1448 1592 proponit
1470 1551 1673 1590 cincinnatis,
1696 1552 1803 1582 omnia

145 1605 192 1636 ita
209 1604 388 1646 explicavit,
411 1605 447 1635 ut
464 1604 567 1642 fontes
585 1604 654 1635 eius
672 1604 808 1644 detegere
827 1604 1010 1635 etiamnunc
1022 1603 1201 1644 possimus,·
1223 1603 1306 1633 inter
1324 1611 1400 1642 quos
1419 1603 1554 1634 maxime
1571 1603 1666 1640 refert
1684 1605 1801 1640 notare,

145 1666 225 1697 quac
243 1666 283 1688 sa·
300 1656 392 1687 Actis
406 1655 600 1688 Sanctorum
619 1666 648 1696 q.
662 1656 693 1688 d.
713 1656 902 1697 desumpsit:
925 1665 1000 1687 nam
1019 1665 1124 1686 coriam
1143 1655 1232 1685 testis
1250 1653 1440 1686 Aldhelmus
1459 1657 1503 1685 est
1515 1654 1702 1695 plerumque
1720 1655 1803 1685 anti-

145 1708 326 1749 quissimus,
355 1708 402 1739 ita
431 1709 467 1738 ut
493 1718 540 1746 ea,
567 1718 633 1747 qua
663 1707 732 1739 illic
761 1708 944 1745 traduntur,
970 1706 1080 1748 forma
1102 1705 1263 1737 Aldhelmi
1285 1706 1458 1738 testimonio
1485 1706 1529 1737 acl
1550 1706 1714 1747 septimum
1738 1707 1801 1737 iam

145 1759 305 1791 saeculum
330 1758 532 1801 referantur;
561 1759 636 1791 haec
664 1762 770 1791 autem
801 1759 885 1790 inter
909 1758 1015 1800 fontes
1044 1759 1113 1790 eius
1135 1757 1276 1790 nondum
1299 1759 1375 1789 sunt
1395 1759 1589 1795 enumerata,
1619 1760 1648 1789 ct
1670 1768 1803 1798 magnas

146 1813 214 1843 eius
244 1811 278 1843 in
303 1811 349 1843 eis
378 1810 560 1851 colliycnclis
581 1811 653 1852 fuit
681 1811 777 1842 labor.
823 1810 993 1852 Disposuit
1019 1813 1124 1841 autem
1156 1809 1296 1849 exempla
1326 1810 1386 1847 ita,
1419 1812 1454 1840 ut
1477 1809 1617 1850 primum
1647 1819 1685 1840 ea·
1708 1811 1803 1840 vetere

146 1863 236 1904 (XX.
262 1863 376 1903 XXI),
406 1862 517 1894 deinde
539 1862 697 1900 (XXIII.
723 1862 905 1903 XXIIII.)
933 1873 972 1894 esc
998 1871 1076 1894 novo
1099 1863 1291 1899 testamento,
1321 1860 1471 1892 adhibitis
1494 1863 1597 1891 tamen
1620 1861 1802 1891 traditionis

146 1925 256 1947 sacrae
272 1915 567 1955 interpretamentis,
591 1914 729 1954 viryines
745 1915 883 1945 nominet
899 1933 940 1938 —
960 1916 989 1944 et
1004 1913 1139 1953 viraines
1162 1913 1201 1944 ab
1220 1911 1273 1943 illo
1288 1915 1316 1943 et
1329 1921 1433 1944 mares
1448 1913 1475 1942 et
1487 1911 1627 1953 feminas
1642 1911 1805 1943 nominari

146 1966 321 1999 notandum
337 1968 390 2003 est,
414 1966 453 2004 cf.
471 1965 509 1997 L.
522 1966 648 2006 Mayer‚
671 1963 921 2006 Wochenschrift
936 1965 959 2003 f.
977 1964 1070 1996 hlass.
1087 1963 1207 1996 Philol.
1222 1963 1306 1994 1918
1326 1974 1357 2002 p.
1374 1962 1480 2002 394ff.
1496 1965 1524 1994 et
1535 1964 1598 1993 431
1616 1982 1664 2001 —,
1681 1965 1746 1994 tam
1761 1962 1804 1994 ad

144 2021 276 2058 patrum
298 2017 463 2049 historiam
486 2019 643 2048 transeat:
667 2019 831 2048 enumerat
850 2016 1036 2048 Clementem
1061 2015 1221 2056 (adhibita
1244 2017 1288 2046 est
1303 2014 1418 2053 Rufini
1440 2015 1538 2045 versio
1562 2015 1802 2054 recoynitionum

152 2070 342 2110 Clementis),
366 2068 552 2101 Silvestrum
575 2069 672 2109 (Λεία
691 2068 909 2108 Sanctorum),
933 2068 1135 2099 Ambrosium
1159 2066 1311 2106 (Paulini
1334 2067 1398 2097 vita
1414 2066 1597 2106 Ambrosii),
1621 2065 1803 2097 Martinam

149 2121 304 2161 (Sulpicii
326 2120 432 2153 Severi
453 2121 519 2152 vita
534 2120 703 2161 Martini),
730 2119 918 2160 Greyoriam
934 2119 1161 2151 Nazaneenum
1178 2118 1307 2159 (Rufini
1334 2117 1407 2148 hist.
1430 2117 1532 2149 eccles.
1556 2120 1583 2148 cl
1601 2118 1751 2157 proloyus
1770 2117 1804 2148 in

148 2174 243 2205 libros
255 2172 426 2214 Greyorii),
441 2172 607 2204 Basilium
623 2172 757 2213 (Rufini
772 2172 872 2203 versio
883 2171 1022 2212 Rcyulac
1033 2170 1158 2202 Basilii
1173 2173 1202 2201 ct
1216 2169 1418 2201 homiliarum
1424 2182 1433 2209 ,-
1453 2169 1651 2209 Cassianus),
1668 2169 1804 2200 Felicem

147 2225 278 2266 (Passio
300 2224 419 2256 Felieis
439 2224 476 2256 in
494 2224 586 2255 Actis
603 2223 817 2264 Sanctorum),
841 2223 1019 2255 Antonium
1044 2222 1173 2263 (Rufini
1197 2221 1266 2252 hist.
1291 2221 1411 2253 ecclesus
1434 2220 1646 2260 Hieronymus
1668 2220 1704 2251 de
1726 2221 1803 2251 viris

151 2276 352 2316 illustribus),
385 2275 526 2307 Paulum
549 2276 754 2318 (Hieronymi
787 2276 854 2306 vita
888 2274 1012 2316 Pauli),
1047 2274 1248 2305 Hilarioncm
1271 2273 1473 2313 (Hieronymi
1506 2272 1570 2302 cita
1597 2271 1805 2309 Hilarionis),

148 2328 324 2362 Iohannem
341 2327 470 2369 (Rufini
492 2328 565 2359 hist.
581 2328 828 2367 monachorum),
850 2326 1058 2358 Bcnedictum
1082 2325 1247 2366 (Greyorii
1265 2324 1383 2364 dialoyi
1398 2325 1437 2362 cf.
1454 2324 1497 2354 ad
1511 2334 1606 2355 carm.
1623 2334 1648 2354 v.
1662 2324 1726 2354 858
1733 2334 1777 2363 sq.
1782 2325 1803 2361 ),

147 2379 315 2412 Malehum
337 2379 543 2420 (Hieronymi
565 2380 632 2411 vita
653 2379 804 2419 Malchi),
828 2378 1018 2410 Narcissum
1041 2377 1173 2418 (Rufini
1187 2376 1320 2408 Eusebii
1341 2375 1413 2407 hist.
1437 2375 1563 2415 eccles),
1587 2375 1801 2406 Athanasium

150 2432 282 2473 (Rufini
311 2431 445 2463 Eusebii
475 2431 547 2463 hist.
580 2431 682 2472 eccles.
682 2432 710 2472 ),
743 2430 901 2471 Babylam
934 2430 1033 2470 (Acta
1056 2429 1223 2469 Babylae),
1259 2427 1401 2460 Cosmam
1432 2429 1460 2458 et
1487 2425 1681 2457 Damianam
1704 2427 1801 2462 (Acta

154 2484 280 2516 Cosmae
298 2485 326 2514 et
342 2482 526 2524 Damiani),
554 2482 767 2524 Chrysantum
784 2482 883 2522 (Acta
905 2481 1102 2523 Chrysanti),
1121 2480 1287 2511 Iulianum
1303 2479 1400 2519 (Acta
1417 2478 1543 2509 Iuliani
1558 2481 1586 2508 ct
1601 2477 1802 2517 Basilissae),

149 2535 255 2567 Amon
277 2534 408 2576 (Rufini
433 2535 506 2567 hist.
530 2534 778 2576 monachorum),
802 2533 1007 2575 Apollonium
1033 2532 1161 2573 (Rufini
1183 2531 1255 2563 hist.
1279 2530 1520 2570 monachorum).
1567 2528 1629 2560 His
1651 2529 1802 2560 absolu-lis

150 2586 194 2617 ad
210 2585 353 2628 feminas
375 2587 501 2624 transit,
525 2596 662 2626 quarum
685 2596 853 2617 numerum
875 2585 989 2625 incipit
1011 2595 1032 2615 a
1050 2584 1174 2621 Maria,
1199 2582 1309 2614 deinde
1326 2581 1493 2624 praedicat
1515 2580 1681 2612 Caeciliam
1704 2581 1801 2620 (Λεία

151 2637 368 2679 Sanctorum),
401 2637 561 2678 Ayatham
589 2638 690 2677 (Λεία
718 2638 933 2676 Sanctorum),
967 2636 1103 2668 Luciam
1134 2635 1190 2675 (cs.
1220 2634 1352 2671 Surum,
1384 2631 1435 2664 De
1453 2632 1594 2673 probatis
1617 2632 1801 2664 Sanctorum

151 2689 292 2721 historiis
313 2688 369 2721 VI.
398 2688 460 2722 Col.
477 2690 555 2730 Ayr.
573 2690 684 2732 1575),
707 2689 868 2720 Iustinam
891 2688 985 2729 (Acta
1007 2687 1219 2728 Sanctorum),
1247 2685 1425 2726 Euqeniam
1449 2682 1715 2725 (Pseudo-Rufini
1739 2682 1801 2711 iila

151 2734 337 2782 Euqeniae),
359 2741 485 2782 Aynam
500 2741 656 2782 (Pseudo
643 2741 850 2773 stAmbiosius
867 2740 900 2771 in
915 2740 1007 2772 Actis
1023 2739 1048 2772 S
1050 2740 1082 2781 .,)
1110 2738 1235 2770 Teclam
1251 2739 1279 2768 et
1294 2736 1459 2768 Eulaliam
1476 2734 1702 2776 (Membrilias,
1723 2732 1802 2762 tilae
