2022 3057
725 152 893 179 CARMINA
912 151 1184 180 ECCLESIASTICA
1206 154 1252 180 lll.
1773 161 1807 190 17

558 238 682 270 Ymnos
705 249 742 270 ac
766 238 907 280 psalmos
931 242 963 269 ct
986 239 1190 280 responsoria
1214 239 1303 270 festis

559 290 709 332 Congrua
732 300 915 332 promamus
939 290 1048 322 subter
1072 290 1233 321 testudine
1259 291 1369 332 templi

558 341 708 373 Psalterii
731 342 834 372 melos
858 341 962 373 fantes
985 341 1202 373 modulamine
1226 342 1338 373 crebro

487 405 511 423 5⁵
555 392 664 433 Atque
689 391 801 423 decem
825 392 941 423 fidibus
964 393 1103 423 nitamur
1126 393 1259 424 tendere
1283 393 1386 434 liram,

558 444 602 475 Ut
625 443 791 484 psalmista
814 447 925 475 monet
947 443 994 475 bis
1019 445 1121 485 quinis
1144 444 1281 485 psallere
1305 444 1404 478 fibris:

560 494 786 536 Unusquisque
810 505 927 526 novum
952 499 1059 527 comat
1082 506 1153 527 cum
1177 506 1255 526 voce
1280 496 1432 528 sacellum

558 545 602 577 Et
624 546 726 577 lector
747 546 903 578 lectrixve
928 547 1090 578 volumina
1113 557 1204 578 sacra
1228 547 1405 578 revolvant!

601 597 703 628 Istam
727 607 843 639 nempe
868 597 964 638 diem,
989 609 1052 639 qua
1076 598 1187 639 templi
1211 598 1293 629 festa
1317 604 1493 641 coruscant,

487 661 512 680 so
556 648 734 680 Nativitate
758 659 815 680 sua
839 650 977 680 sacravit
1000 650 1090 691 virgo
1116 650 1225 691 Maria,

561 699 664 736 Quam
687 701 806 742 iugiter
829 704 984 732 renovant
1006 701 1144 742 Augusti
1168 705 1316 743 tempora
1341 703 1468 741 mensis,

559 750 721 783 Dividitur
743 752 850 783 medio
875 751 950 783 dum
976 756 1098 784 torrens
1123 752 1254 784 Sextilis
1278 753 1372 789 orbe;

560 802 622 838 Qui
645 803 738 834 nobis
761 804 877 835 iterum
900 808 1061 835 restaurat
1083 804 1201 846 gaudia
1225 805 1349 844 mentis,

559 855 645 886 Dum
669 855 790 886 vicibus
814 855 951 886 redeunt
974 855 1129 887 solemnia
1153 856 1236 887 festa
1260 856 1382 888 Mariae

487 918 512 937 ss
557 905 598 937 Et
620 906 804 938 veneranda
827 907 888 948 piis
910 907 1047 948 flagrant
1070 907 1184 938 altaria
1208 907 1307 938 donis.

602 957 695 989 Haec
719 957 833 989 domus
856 959 988 989 interius
1012 959 1198 999 resplendet
1221 959 1291 990 luce
1316 970 1439 999 serena,

561 1009 666 1045 Quam
690 1010 737 1040 sol
761 1020 820 1050 per
843 1011 960 1041 vitreas
984 1009 1120 1041 illustret
1144 1010 1226 1041 forto
1252 1011 1408 1041 fenestras

267 1103 301 1129 52
318 1104 409 1137 Hynos
421 1112 451 1129 ac
463 1104 555 1129 salmos
569 1103 632 1129 &res
644 1104 763 1136 ponsoria
776 1105 847 1129 fertis
861 1104 884 1128 A
977 1103 1010 1128 53
1028 1113 1171 1136 promemus
1186 1104 1387 1135 APVQuev-cet.,
1407 1114 1552 1138 promamus
1567 1106 1630 1131 Mai.
1693 1112 1780 1139 supter
1794 1107 1817 1131 1²

163 1147 197 1173 54
210 1148 313 1173 Salterii
323 1147 356 1178 A,
367 1147 476 1172 Psalteri
489 1147 602 1178 Quercet.
643 1147 814 1171 moderamine
825 1146 857 1178 A,
871 1147 1035 1172 modulemini
1046 1147 1071 1171 P
1138 1147 1172 1173 55
1184 1149 1269 1180 Atque
1282 1156 1314 1172 ex
1326 1148 1342 1172 i.
1353 1157 1373 1172 e.
1387 1150 1471 1180 Atque
1482 1149 1505 1172 X
1521 1149 1633 1179 Quercet.
1674 1149 1754 1174 decim
1767 1149 1819 1173 1³1⁷

163 1191 266 1216 fidimus
277 1190 302 1214 V
332 1191 413 1222 lyram
425 1189 455 1223 (y
464 1198 494 1216 ex
504 1191 512 1215 i
522 1190 571 1222 712¹)
585 1190 610 1214 P
677 1188 712 1215 56
724 1190 840 1215 salmista
850 1190 874 1214 A
944 1189 977 1214 57
990 1199 1086 1215 nouum
1100 1190 1136 1215 bis
1149 1199 1197 1216 scr.
1215 1190 1239 1214 V
1269 1191 1303 1215 du
1318 1199 1394 1216 uoces
1408 1192 1503 1216 acellus
1517 1191 1541 1215 A
1611 1190 1645 1217 58
1658 1192 1780 1217 lectrixne
1798 1193 1820 1215 V

163 1233 292 1259 *resolui
310 1233 346 1265 A,
365 1233 480 1258 resoluat
497 1237 550 1258 cett.
660 1231 694 1258 59
712 1234 766 1258 Ista
785 1240 878 1265 nempa
897 1233 963 1258 diem
982 1242 1033 1265 quo
1053 1233 1091 1262 A,
1117 1235 1193 1258 Istem
1212 1242 1302 1266 nempe
1321 1235 1387 1259 diem
1407 1243 1457 1266 quo
1479 1235 1606 1265 Quen-et„
1629 1236 1706 1260 Istam
1726 1244 1815 1268 nempe

164 1285 215 1309 quo
233 1275 294 1308 (om.
307 1275 385 1308 diem)
405 1275 458 1300 PV
542 1275 574 1301 61
594 1276 676 1307 Quem
694 1275 718 1300 A
789 1280 914 1301 renouant
932 1285 980 1302 om.
996 1276 1109 1306 Quercee.
1174 1277 1261 1309 agusti
1274 1281 1386 1309 tempore
1406 1278 1428 1301 A
1438 1287 1446 1306 ,-
1465 1278 1535 1302 Giles
1548 1278 1616 1308 dicit,
1634 1278 1700 1303 hunc
1718 1287 1816 1303 versum

164 1320 248 1345 deesse
272 1320 300 1344 in
323 1319 409 1349 editis;
437 1319 481 1344 sed
508 1319 601 1344 habent
624 1328 681 1344 eum
703 1324 726 1344 et
747 1319 921 1349 Quercetanus
943 1324 965 1344 et
986 1319 1017 1344 Α,
1033 1319 1120 1343 Maius
1242 1319 1275 1345 63
1294 1323 1312 1344 ἱ]
1331 1321 1429 1345 obiteru
1451 1320 1474 1344 A
1598 1320 1632 1346 64
1649 1321 1773 1346 reddeuut
1792 1322 1815 1346 A

164 1363 298 1388 sollemnia
316 1361 340 1386 P
425 1360 460 1387 65
477 1363 588 1395 flagrent
606 1361 657 1386 ΑΡ
663 1361 690 1393 V,
709 1363 801 1387 flarent
822 1362 935 1392 Quercet.
1024 1361 1057 1386 67
1076 1362 1195 1387 inlustret
1209 1361 1295 1394 APV,
1314 1363 1433 1388 inlustrat
1447 1363 1519 1395 Mai„
1539 1364 1648 1389 illustrat
1664 1364 1732 1388 Giles

268 1438 302 1465 53
326 1437 400 1472 Very.
413 1438 487 1465 1505
506 1437 599 1465 media
611 1446 626 1464 e
639 1437 779 1464 testudine
792 1437 891 1472 templi
914 1445 934 1464 e.
949 1437 995 1463 IV
1005 1441 1028 1470 6,
1040 1441 1055 1463 2
1071 1439 1211 1464 sacratum
1224 1440 1301 1464 sarta
1316 1439 1458 1465 testudine
1472 1439 1608 1472 templum
1627 1439 1817 1473 ΑεΠιίΙιιίιΙῙιιε

168 1489 230 1516 XV
238 1493 271 1516 24
290 1492 335 1522 (=
356 1490 419 1516 XX
431 1491 478 1523 30)
496 1489 592 1516 subter
610 1489 750 1516 testudine
769 1489 869 1523 templi
984 1489 1018 1516 54
1043 1489 1154 1515 Vemmt.
1168 1489 1246 1516 Fort.
1266 1498 1287 1516 c.
1300 1490 1347 1516 IV
1362 1494 1382 1523 7,
1395 1495 1421 1517 15
1445 1499 1550 1525 organa
1568 1491 1695 1525 psalterii
1715 1491 1817 1518 cecinit

165 1541 386 1574 (mualacteoicus)
397 1541 586 1568 modulamine
599 1541 682 1567 dulci.
702 1541 742 1567 M.
830 1542 864 1568 56
882 1541 926 1567 Ps.
939 1543 979 1572 32,
992 1544 1008 1566 2
1025 1540 1201 1568 Confitemini
1217 1541 1331 1568 Domino
1350 1542 1378 1568 in
1392 1541 1510 1573 cithara,
1529 1541 1558 1568 in
1577 1542 1709 1576 psalterio
1723 1542 1816 1569 decem

166 1593 331 1620 chordarum
348 1592 464 1627 psallite
482 1593 507 1620 ei
535 1596 570 1627 cf.
584 1592 616 1619 de
629 1593 693 1626 νίν-9.
706 1596 738 1619 68
757 1592 882 1624 chordas,
900 1593 963 1627 quis
976 1592 1123 1627 psalmista
1136 1593 1198 1627 pius
1212 1592 1353 1627 psallebat
1366 1593 1495 1620 cantibus
1508 1593 1574 1620 olim
1667 1594 1700 1620 57
1721 1594 1818 1620 Aemil-

164 1644 266 1678 wulsus
291 1644 355 1670 XX
373 1647 405 1671 21
433 1644 564 1671 cantibus
587 1645 615 1671 in
635 1644 737 1671 crebris
757 1646 869 1671 comunt
894 1646 923 1671 et
942 1653 1008 1671 voce
1034 1644 1166 1671 sacellum
1282 1645 1315 1670 59
1334 1644 1522 1678 Aemilii-ulfus
1543 1644 1620 1670 XIV
1633 1647 1664 1671 35
1689 1645 1731 1671 vel
1751 1654 1816 1678 qua-

165 1704 283 1730 cumque
302 1696 347 1723 die
366 1704 428 1722 oum
447 1696 547 1730 templi
566 1696 638 1723 festa
658 1698 804 1722 coruscant
915 1696 948 1723 60
967 1695 1056 1722 Medio
1069 1697 1191 1729 Augusto
1210 1704 1296 1722 mense
1314 1696 1358 1729 (=
1380 1697 1513 1730 15.A1c9.)
1528 1699 1622 1729 postea
1640 1696 1818 1722 celebrabatur

165 1748 310 1781 assumptio
328 1747 447 1780 Manae,
471 1755 528 1773 non
546 1747 686 1780 nativitas,
709 1747 753 1774 cui
771 1750 878 1774 octavus
897 1747 1050 1781 Septembris
1068 1747 1123 1773 dies
1140 1750 1197 1774 erat
1215 1747 1328 1773 dicatus.
1367 1748 1475 1781 Seryius
1490 1756 1566 1781 papa
1585 1748 1739 1780 (678—701)
1757 1756 1817 1774 con-

164 1799 252 1825 stituit
279 1799 326 1833 (cf.
344 1798 426 1825 Iliber
443 1799 544 1832 pontif.
562 1799 582 1824 Ι
597 1807 624 1832 p.
638 1802 687 1825 215
710 1798 749 1826 ed.
770 1798 817 1825 le.
832 1799 990 1832 Mommsen)
1016 1800 1049 1825 ut
1077 1798 1174 1825 diebus
1199 1798 1419 1825 adnuntiationis
1448 1798 1564 1830 domini,
1593 1799 1766 1826 dormitionis
1789 1801 1816 1826 et

166 1850 327 1877 nativitatis
345 1852 458 1878 sanctae
477 1850 522 1877 dei
541 1850 692 1884 genetricis
710 1859 873 1885 semperque
887 1850 1003 1885 virginis
1022 1871 1028 1877 .
1044 1872 1048 1877 .
1068 1850 1174 1877 letania
1187 1852 1269 1877 excat
1288 1859 1305 1876 a
1319 1850 1420 1877 Sancto
1435 1849 1576 1876 Hadriano
1594 1852 1623 1876 et
1641 1850 1676 1876 ad
1691 1852 1815 1877 sanctam

165 1901 282 1929 Mariam
301 1902 422 1939 populus
441 1904 569 1929 occurrat
575 1912 581 1933 ;
599 1904 710 1935 uterque
727 1902 809 1935 iyitur
827 1901 880 1928 dies
897 1905 953 1928 tum
966 1902 1154 1928 celebrabatur.
1182 1902 1260 1928 Beda
1282 1902 1308 1927 in
1330 1901 1517 1935 martyroloyio
1532 1901 1632 1934 poetico
1649 1902 1718 1934 (opp.
1733 1902 1779 1927 rol.
1797 1902 1819 1927 V

161 1961 189 1987 p.
202 1957 253 1980 605
267 1954 319 1986 M.)
337 1953 548 1987 adsumptionem
566 1953 603 1979 ad
621 1958 659 1980 15.
670 1954 825 1988 Augustum
843 1953 923 1985 refert
943 1953 1058 1985 (Sancta
1078 1953 1127 1980 Dei
1147 1953 1274 1987 genetrix
1294 1961 1373 1979 senas
1393 1954 1435 1979 ter
1454 1954 1564 1979 constat
1577 1952 1654 1979 adire
1667 1952 1816 1986 Angelicos

165 2007 247 2032 vecta
266 2005 339 2031 inter
357 2006 453 2031 coetus
473 2004 550 2038 virgo
571 2004 733 2038 Kalendas),
760 2004 790 2030 in
811 2005 908 2038 hymno
933 2005 961 2030 in
979 2004 1044 2030 diem
1064 2004 1178 2030 natalem
1197 2004 1294 2036 scripto
1313 2004 1386 2037 (opp.
1407 2003 1469 2036 Vp.
1483 2006 1528 2029 631
1543 2004 1594 2036 ΠΙ.)
1612 2003 1643 2029 de
1661 2004 1757 2029 mensis
1773 2004 1816 2030 (lie

165 2057 235 2083 nihil
251 2056 324 2082 dicit.
367 2055 492 2082 Videmus
509 2056 595 2090 iqitur
613 2056 644 2082 de
661 2056 722 2087 festi
739 2055 781 2082 die
799 2055 931 2082 Aldhelmi
948 2056 1106 2090 temporibus
1124 2055 1243 2082 nondum
1261 2056 1409 2081 constitisse
1428 2055 1456 2080 in
1479 2055 1591 2081 ccclesia.
1629 2055 1698 2081 Bene
1717 2054 1748 2081 de
1764 2055 1815 2082 lwc

165 2115 193 2134 re
205 2107 325 2141 exposuit
339 2107 372 2134 G.
381 2107 415 2134 F.
427 2107 550 2139 Browne,
572 2106 610 2134 St.
623 2107 752 2139 Aldlwtm,
770 2107 811 2132 his
825 2107 871 2139 lise
883 2106 940 2132 and
953 2107 1026 2133 times
1041 2115 1068 2140 p.
1082 2110 1133 2133 240
1142 2115 1178 2139 sq.
1209 2107 1250 2133 Ab
1264 2106 1434 2138 :letlzilwulso
1448 2106 1480 2139 (c.
1495 2106 1543 2131 XI
1550 2106 1581 2140 V)
1591 2106 1629 2131 Q'n
1642 2105 1817 2139 descriptione

167 2159 265 2193 templi,
285 2158 358 2192 quod
375 2161 510 2185 sacratum
528 2161 565 2184 est
584 2157 626 2184 die
644 2158 843 2191 assumptionis,
861 2161 960 2184 ceterae
977 2166 1081 2191 qaoque
1099 2157 1155 2183 dies
1167 2158 1274 2184 Mariae
1287 2165 1379 2184 sacrae
1392 2157 1492 2183 saeculi
1511 2157 1576 2183 noni
1590 2157 1668 2183 initio
1680 2157 1817 2183 celebratae

165 2211 205 2237 ita
222 2213 423 2243 enumerantur,
441 2212 471 2235 ut
490 2209 702 2243 adsumptionem
714 2209 842 2235 nativitas
860 2212 1003 2242 sequutum
1022 2208 1152 2235 Aldhetmi
1170 2217 1270 2235 versum
1287 2213 1321 2235 1ῑο
1340 2209 1394 2242 ipsc
1412 2208 1528 2241 rcspeaeit
1548 2216 1619 2234 versu
1633 2211 1668 2234 30
1685 2208 1817 2236 Sanctum

167 2271 285 2296 eumque
304 2261 377 2289 diem
397 2260 520 2288 sacravit
539 2261 618 2295 virgo
631 2260 728 2287 Maria.
748 2276 782 2280 —-
799 2260 830 2286 de
849 2261 991 2295 1.ir9.27‹32
1014 2260 1148 2291 Quintilis
1167 2261 1266 2288 ardens
1287 2260 1400 2287 Sextilis
1419 2262 1469 2286 aut
1582 2260 1615 2286 (33
1633 2259 1818 2291 Aethilwulsiie

169 2313 250 2340 XIV
264 2316 298 2340 37
322 2321 407 2340 aurea
431 2312 590 2339 dulcisonae
615 2313 754 2339 restaurat
782 2320 896 2339 munera
920 2311 1021 2338 mentis
1159 2312 1192 2339 65
1218 2311 1293 2346 Verq.
1320 2311 1346 2336 V
1363 2314 1395 2337 53
1425 2311 1566 2337 sollemnis
1585 2311 1681 2337 ordine
1701 2320 1817 2345 pompas

167 2373 317 2399 exequerer
329 2366 519 2398 strueremque
537 2363 594 2390 suis
613 2363 716 2390 altaria
735 2363 822 2391 donis.
853 2364 1043 2395 Aethilwulfus
1063 2363 1110 2389 IX
1121 2367 1136 2391 3
1154 2372 1268 2390 munera
1289 2363 1359 2390 mira
1379 2365 1471 2397 parat:
1492 2363 1599 2389 fumant
1618 2362 1721 2389 altaria
1739 2362 1817 2388 donis

170 2417 268 2444 XXII
279 2420 308 2443 72
326 2416 504 2451 flammigeris
518 2425 651 2443 venerans
664 2415 708 2449 (L.
722 2416 826 2442 Traube
840 2416 968 2449 vernant)
982 2415 1085 2442 altaria
1097 2415 1177 2441 donis
1282 2415 1316 2441 66
1334 2414 1366 2440 de
1380 2415 1439 2447 riry.
1451 2417 1500 2440 500
1518 2415 1632 2448 pectora
1649 2413 1697 2447 qui
1711 2422 1817 2448 semper

168 2468 301 2496 lustrabit
319 2468 381 2495 luce
399 2476 495 2495 serena
525 2467 599 2502 Very.
618 2468 638 2494 I
649 2470 698 2494 637
715 2469 752 2494 At
765 2467 862 2494 domus
874 2467 991 2495 interior
1003 2467 1091 2501 regali
1108 2466 1243 2500 spendida
1257 2466 1322 2493 luxu
1419 2466 1451 2493 67
1462 2474 1499 2499 sq.
1519 2465 1592 2491 Beda
1607 2465 1664 2490 hist.
1675 2465 1758 2491 abbat.
1778 2465 1795 2490 I
1803 2469 1818 2491 5

167 2521 265 2554 (12368
283 2519 429 2551 Plummer)
452 2519 531 2546 Misit
551 2519 704 2554 legatarios
727 2519 848 2545 Galliam
872 2519 1052 2552 (Benedictus
1076 2527 1101 2545 α.
1119 2521 1188 2551 675),
1217 2517 1264 2552 qui
1289 2517 1353 2544 vitri
1380 2517 1511 2548 factores,
1539 2517 1659 2543 artifices
1687 2516 1817 2542 videlicet

167 2571 335 2598 Brittanniis
353 2572 469 2598 eatenus
488 2570 657 2605 incognitos,
677 2571 711 2597 ad
731 2571 925 2598 cancellandas
944 2570 1096 2598 aecclesiae
1115 2570 1309 2604 porticumque
1329 2571 1357 2595 et
1377 2568 1587 2595 caenaculorum
1607 2567 1665 2594 eius
1684 2568 1816 2594 fenestras

169 2623 347 2651 adducerent.
378 2623 550 2656 Factumque
569 2624 619 2654 est,
639 2624 785 2654 venerunt;
805 2631 855 2649 nec
874 2623 962 2649 solum
982 2631 1051 2656 opus
1070 2622 1243 2656 postulatum
1263 2621 1481 2654 compleverunt,
1500 2620 1547 2646 sed
1567 2621 1595 2645 et
1615 2619 1763 2653 Anglornm
1784 2627 1815 2645 ex

169 2683 201 2702 eo
213 2676 326 2709 gentem
338 2673 496 2701 huiusmodi
509 2674 658 2701 artificium
671 2683 751 2701 nosse
769 2682 802 2701 ac
819 2674 924 2701 discere
938 2674 1069 2701 fecerunt.
1090 2689 1122 2693 —
1147 2673 1249 2699 Vitreas
1266 2672 1395 2704 fenestras
1407 2671 1530 2697 ecclcsiae
1544 2670 1698 2696 Parisiacac
1711 2677 1814 2695 commc-

168 2729 254 2752 morat
273 2725 382 2752 Venant.
394 2725 470 2752 Fort.
483 2725 568 2758 1110,
582 2729 621 2752 13.
640 2741 673 2745 -
691 2725 880 2757 Aetliilwulfus
901 2724 964 2751 XX
981 2728 1010 2751 25
1019 2733 1055 2758 sq.
1081 2724 1167 2754 Quam
1187 2723 1227 2750 sol
1247 2731 1297 2757 per
1317 2722 1419 2749 vitreas
1438 2722 1580 2748 illustrans
1600 2721 1731 2747 candidus
1754 2729 1815 2746 oms

168 2777 301 2812 Limpida
317 2776 477 2811 praenitido
490 2776 622 2804 diffundit
634 2777 740 2804 lumina
753 2776 867 2810 templo.
889 2776 923 2808 ef.
940 2776 1001 2802 XX
1012 2779 1044 2802 36
1062 2775 1190 2810 Limpida
1209 2775 1256 2808 qui
1276 2774 1403 2801 tribuant
1423 2773 1558 2807 quadrato
1578 2772 1682 2798 lumina
1702 2770 1814 2804 templo.

273 2831 415 2855 Aucrones
432 2830 621 2859 Aunomssnn
640 2831 694 2856 XV.
1595 2824 1610 2849 3
